Year-Month,Category,Subcategory,State,Region,Year,Month_Number,Price per Unit,Units Sold,Total Sales,Profit per Unit,Operating Margin,Total Operating Profit
2020-01,Apparel,Men's,Nevada,West,30300,15,769.0,1644,88085,475.57000000000005,9.280000000000001,51959.08000000001
2020-01,Apparel,Men's,New York,Northeast,18180,9,481.0,4258,238277,170.44,3.19,78058.22
2020-01,Apparel,Women's,Nevada,West,30300,15,811.0,3307,186061,221.18946666666668,4.04,45515.12
2020-01,Apparel,Women's,New York,Northeast,18180,9,399.0,4741,220858,120.83,2.73,61144.66
2020-01,Apparel,Women's,Pennsylvania,Northeast,6060,3,196.0,441,30668,68.7,1.05,10022.1
2020-01,Athletic Footwear,Men's,Nevada,West,24240,12,611.0,2534,134721,199.989375,3.93,40049.67
2020-01,Athletic Footwear,Men's,New York,Northeast,18180,9,401.0,4555,212738,143.69,3.23,70190.85
2020-01,Athletic Footwear,Men's,Pennsylvania,Northeast,6060,3,124.0,702,30123,38.38,0.9299999999999999,8432.01
2020-01,Athletic Footwear,Women's,Nevada,West,24240,12,588.0,1871,96783,246.5088333333333,5.029999999999999,38033.09
2020-01,Athletic Footwear,Women's,New York,Northeast,18180,9,362.0,3913,165346,147.05,3.65,62459.63
2020-01,Athletic Footwear,Women's,Pennsylvania,Northeast,6060,3,122.0,477,20301,51.19,1.26,7850.1
2020-01,Street Footwear,Men's,Nevada,West,24240,12,535.0,3482,162990,250.29000000000002,5.57,72033.79000000001
2020-01,Street Footwear,Men's,New York,Northeast,24240,12,524.0,7707,357210,287.53,6.58,187127.04
2020-01,Street Footwear,Men's,Pennsylvania,Northeast,6060,3,94.0,730,23920,41.660000000000004,1.33,10082.76
2020-01,Street Footwear,Women's,Nevada,West,24240,12,617.0,2604,139991,290.499,5.630000000000001,62077.91
2020-01,Street Footwear,Women's,New York,Northeast,18180,9,322.0,4660,174583,129.66,3.63,65677.75
2020-01,Street Footwear,Women's,Pennsylvania,Northeast,6060,3,122.0,707,30087,57.06,1.4100000000000001,13059.18
2020-02,Apparel,Men's,Nevada,West,24240,24,726.0,2679,171997,439.64000000000004,7.290000000000001,98897.50000000001
2020-02,Apparel,Men's,New York,Northeast,12120,12,326.0,2721,154019,118.36,2.1799999999999997,51218.59
2020-02,Apparel,Women's,Nevada,West,24240,24,845.0,3120,230462,222.64000000000001,3.16,54591.280000000006
2020-02,Apparel,Women's,New York,Northeast,6060,6,138.0,1521,72149,41.16,0.89,19696.43
2020-02,Athletic Footwear,Men's,Nevada,West,30300,30,891.0,4765,296253,266.27,4.49,80269.41
2020-02,Athletic Footwear,Men's,New York,Northeast,12120,12,274.0,2929,141800,95.27,2.09,45923.13
2020-02,Athletic Footwear,Women's,Nevada,West,30300,30,815.0,3349,191438,325.90999999999997,6.0,71369.98
2020-02,Athletic Footwear,Women's,New York,Northeast,12120,12,246.0,2722,118500,100.08999999999999,2.44,44878.29
2020-02,Street Footwear,Men's,Nevada,West,30300,30,820.0,5302,304054,368.08000000000004,6.73,128956.90000000001
2020-02,Street Footwear,Men's,New York,Northeast,6060,6,158.0,1903,106422,87.44,1.6600000000000001,55929.6
2020-02,Street Footwear,Women's,Nevada,West,30300,30,839.0,3919,231697,376.47,6.720000000000001,98504.1
2020-02,Street Footwear,Women's,New York,Northeast,12120,12,239.0,2916,122022,98.38,2.4699999999999998,46612.979999999996
2020-03,Apparel,Men's,Colorado,West,12120,18,290.0,728,35099,161.5,3.36,18388.62
2020-03,Apparel,Men's,Nevada,West,18180,27,549.0,1718,110987,303.01000000000005,4.970000000000001,58307.070000000014
2020-03,Apparel,Men's,New York,Northeast,12120,18,324.0,2874,162506,116.63,2.1599999999999997,53602.46
2020-03,Apparel,Women's,Colorado,West,8080,12,154.0,1119,44028,31.610000000000007,0.8300000000000001,7640.200000000001
2020-03,Apparel,Women's,Nevada,West,18180,27,595.0,2179,151928,120.86000000000001,1.84,26981.760000000002
2020-03,Apparel,Women's,New York,Northeast,18180,27,516.0,5050,305412,159.52,2.7800000000000002,85596.22
2020-03,Athletic Footwear,Men's,Colorado,West,8080,12,176.0,1048,46593,45.719500000000004,1.04,10493.04
2020-03,Athletic Footwear,Men's,Nevada,West,18180,27,467.0,2692,149639,122.63000000000001,2.3600000000000003,34789.79
2020-03,Athletic Footwear,Men's,New York,Northeast,18180,27,444.0,4912,253066,157.32,3.19,83018.94
2020-03,Athletic Footwear,Women's,Colorado,West,8080,12,182.0,737,34681,66.62899999999999,1.48,11389.8
2020-03,Athletic Footwear,Women's,Nevada,West,18180,27,420.0,1857,94677,151.42999999999998,3.25,31322.16
2020-03,Athletic Footwear,Women's,New York,Northeast,18180,27,403.0,4361,204718,160.29,3.5799999999999996,76642.4
2020-03,Street Footwear,Men's,Colorado,West,8080,12,134.0,1371,47392,55.220000000000006,1.6600000000000001,17840.660000000003
2020-03,Street Footwear,Men's,Nevada,West,18180,27,407.0,2710,133741,166.25,3.6900000000000004,50835.54000000001
2020-03,Street Footwear,Men's,New York,Northeast,18180,27,484.0,5941,334657,262.97,4.88,174243.17
2020-03,Street Footwear,Women's,Colorado,West,8080,12,184.0,1064,49589,77.239125,1.6900000000000002,18885.49
2020-03,Street Footwear,Women's,Nevada,West,18180,27,430.0,2099,105626,176.11,3.7,40156.57000000001
2020-03,Street Footwear,Women's,New York,Northeast,18180,27,396.0,4512,209860,159.54,3.6399999999999997,79134.02
2020-04,Apparel,Men's,Colorado,West,20200,40,677.0,2150,150393,444.69000000000005,6.570000000000001,94520.87000000001
2020-04,Apparel,Men's,Florida,Southeast,8080,16,225.0,1792,102185,90.91,1.6199999999999999,38148.11
2020-04,Apparel,Men's,New York,Northeast,18180,36,499.0,4316,249771,176.67,3.19,82017.27
2020-04,Apparel,Women's,Colorado,West,20200,40,744.0,2944,228546,222.78957142857143,2.95,63444.05
2020-04,Apparel,Women's,Florida,Southeast,8080,16,218.0,2081,114649,122.36,2.24,60461.78
2020-04,Apparel,Women's,New York,Northeast,18180,36,532.0,4970,308385,164.28,2.7800000000000002,86429.95
2020-04,Athletic Footwear,Men's,Colorado,West,20200,40,658.0,3295,223985,237.21,3.63,74070.24
2020-04,Athletic Footwear,Men's,Florida,Southeast,12120,24,304.0,2935,150835,128.20999999999998,2.54,57212.509999999995
2020-04,Athletic Footwear,Men's,New York,Northeast,12120,24,296.0,3180,164124,106.38,2.16,54208.47
2020-04,Athletic Footwear,Women's,Colorado,West,20200,40,620.0,2531,161869,289.49,4.68,70181.26
2020-04,Athletic Footwear,Women's,Florida,Southeast,8080,16,177.0,1714,76757,65.17,1.48,25219.15
2020-04,Athletic Footwear,Women's,New York,Northeast,12120,24,277.0,2880,140418,111.3,2.4099999999999997,52850.7
2020-04,Street Footwear,Men's,Colorado,West,20200,40,606.0,4124,257517,311.28000000000003,5.16,123386.61
2020-04,Street Footwear,Men's,Florida,Southeast,12120,24,309.0,4016,211777,157.93,3.08,100646.41
2020-04,Street Footwear,Men's,New York,Northeast,12120,24,326.0,3820,219300,180.43,3.33,115771.08
2020-04,Street Footwear,Women's,Colorado,West,20200,40,653.0,3115,207518,332.65,5.11,99297.47
2020-04,Street Footwear,Women's,Florida,Southeast,8080,16,164.0,1866,78207,51.44,1.27,21586.47
2020-04,Street Footwear,Women's,New York,Northeast,12120,24,283.0,2980,146844,115.89999999999999,2.46,55989.54
2020-05,Apparel,Men's,Colorado,West,16160,40,564.0,1915,138140,345.2800000000001,4.910000000000001,79686.20000000003
2020-05,Apparel,Men's,Florida,Southeast,4040,10,125.0,977,62495,52.150000000000006,0.84,23570.05
2020-05,Apparel,Men's,New York,Northeast,12120,30,349.0,2849,173843,126.36,2.1799999999999997,57866.46
2020-05,Apparel,Men's,Washington,West,4040,10,106.0,323,17473,33.64,0.64,4889.47
2020-05,Apparel,Women's,Colorado,West,20200,50,732.0,2778,209130,192.93,2.65,48356.05
2020-05,Apparel,Women's,Florida,Southeast,4040,10,134.0,1094,75266,75.32,1.13,39455.08
2020-05,Apparel,Women's,New York,Northeast,6060,15,189.0,1560,102674,56.760000000000005,0.9,28263.440000000002
2020-05,Apparel,Women's,Washington,West,4040,10,96.0,625,30750,24.259999999999998,0.51,6782.5
2020-05,Athletic Footwear,Men's,Colorado,West,20200,50,600.0,3633,225486,185.11,3.11,61914.86
2020-05,Athletic Footwear,Men's,Florida,Southeast,4040,10,106.0,1129,61079,43.22,0.82,22932.13
2020-05,Athletic Footwear,Men's,New York,Northeast,6060,15,149.0,1610,83630,52.97,1.0699999999999998,27591.5
2020-05,Athletic Footwear,Women's,Colorado,West,20200,50,584.0,2429,146437,232.44,3.9799999999999995,53687.119999999995
2020-05,Athletic Footwear,Women's,Florida,Southeast,4040,10,109.0,984,53911,39.72,0.73,17640.48
2020-05,Athletic Footwear,Women's,New York,Northeast,6060,15,150.0,1431,74196,60.489999999999995,1.21,27932.4
2020-05,Street Footwear,Men's,Colorado,West,20200,50,537.0,3619,203534,238.81,4.41,84204.2
2020-05,Street Footwear,Men's,Florida,Southeast,4040,10,128.0,1398,90224,64.53,1.01,42839.19
2020-05,Street Footwear,Men's,New York,Northeast,6060,15,175.0,1932,117504,99.06,1.7000000000000002,62669.76
2020-05,Street Footwear,Women's,Colorado,West,20200,50,558.0,2778,159095,240.13,4.28,63124.34
2020-05,Street Footwear,Women's,Florida,Southeast,4040,10,107.0,1073,58271,32.989999999999995,0.62,16115.27
2020-05,Street Footwear,Women's,New York,Northeast,6060,15,151.0,1568,81626,61.42999999999999,1.22,31115.199999999997
2020-06,Apparel,Men's,Washington,West,20200,60,662.0,1499,104088,210.4,3.2,29048.22
2020-06,Apparel,Women's,Washington,West,20200,60,734.0,2948,227367,193.36946666666665,2.64,51546.65
2020-06,Athletic Footwear,Men's,Washington,West,20200,60,640.0,2880,189717,199.58,3.14,52411.49
2020-06,Athletic Footwear,Women's,Washington,West,20200,60,616.0,2202,141375,220.59907692307692,3.6,45841.32
2020-06,Street Footwear,Men's,Washington,West,20200,60,571.0,3800,224950,206.97,3.65,73465.99
2020-06,Street Footwear,Women's,Washington,West,20200,60,649.0,2940,196694,205.4794117647059,3.19,54731.74
2020-07,Apparel,Men's,Texas,South,12120,42,208.0,1665,61350,74.66,2.15,20155.66
2020-07,Apparel,Men's,Washington,West,20200,70,774.0,2944,233346,241.59,3.14,64299.65
2020-07,Apparel,Women's,New York,Northeast,6060,21,186.0,1630,106040,55.7,0.8999999999999999,29298.0
2020-07,Apparel,Women's,Texas,South,12120,42,189.0,2254,74172,106.48,3.38,39554.9
2020-07,Apparel,Women's,Washington,West,20200,70,807.0,2965,248379,215.16,2.69,56413.98
2020-07,Athletic Footwear,Men's,New York,Northeast,6060,21,95.0,1395,46170,38.53,1.21,17370.9
2020-07,Athletic Footwear,Men's,Texas,South,6060,21,91.0,1394,44812,36.76,1.22,16990.989999999998
2020-07,Athletic Footwear,Men's,Washington,West,20200,70,724.0000000000001,4092,302310,222.78,3.09,83131.78
2020-07,Athletic Footwear,Women's,New York,Northeast,6060,21,96.0,1085,36120,48.49,1.52,17245.9
2020-07,Athletic Footwear,Women's,Texas,South,6060,21,95.0,1013,33363,49.15,1.5499999999999998,16182.75
2020-07,Athletic Footwear,Women's,Washington,West,20200,70,701.0,2919,209042,253.03,3.62,68089.51
2020-07,Street Footwear,Men's,New York,Northeast,6060,21,69.0,1404,33516,27.829999999999995,1.21,12620.519999999999
2020-07,Street Footwear,Men's,Texas,South,12120,42,147.0,2753,70985,60.4,2.48,27050.6
2020-07,Street Footwear,Men's,Washington,West,24240,84,842.0,5211,379720,300.09999999999997,4.3,122918.26
2020-07,Street Footwear,Women's,New York,Northeast,6060,21,95.0,1148,37856,37.959999999999994,1.2,14268.939999999999
2020-07,Street Footwear,Women's,Texas,South,6060,21,94.0,1087,35629,37.72,1.21,13415.67
2020-07,Street Footwear,Women's,Washington,West,20200,70,674.0,3260,229578,203.8,3.05,62469.6
2020-08,Apparel,Men's,Florida,Southeast,12120,48,321.0,2770,150575,132.57,2.4899999999999998,56726.829999999994
2020-08,Apparel,Men's,Texas,South,30300,120,598.0,4732,198576,209.36,5.26,64599.51
2020-08,Apparel,Men's,Washington,West,4040,16,172.0,608,53656,53.66,0.63,14831.779999999999
2020-08,Apparel,Women's,Florida,Southeast,12120,48,259.0,3168,140013,146.45,3.41,73903.89
2020-08,Apparel,Women's,Texas,South,30300,120,591.0,7062,294470,329.61,8.370000000000001,156237.21
2020-08,Apparel,Women's,Washington,West,4040,16,181.0,725,67525,48.239999999999995,0.54,15311.0
2020-08,Athletic Footwear,Men's,Florida,Southeast,8080,32,175.0,1920,85335,72.72999999999999,1.67,32269.65
2020-08,Athletic Footwear,Men's,Texas,South,36360,144,682.0,8749,348550,274.08,7.26,131148.8
2020-08,Athletic Footwear,Men's,Washington,West,8080,32,248.0,2016,126076,86.35,1.47,39470.59
2020-08,Athletic Footwear,Women's,Florida,Southeast,8080,32,154.0,1644,64722,55.12,1.44,20945.68
2020-08,Athletic Footwear,Women's,Texas,South,30300,120,529.0,5463,202740,269.27,7.640000000000001,97371.77
2020-08,Athletic Footwear,Women's,Washington,West,8080,32,234.0,1563,89138,83.88,1.43,28769.84
2020-08,Street Footwear,Men's,Florida,Southeast,8080,32,174.0,2757,122355,89.61,2.0700000000000003,58353.99
2020-08,Street Footwear,Men's,Texas,South,30300,120,480.0,7412,249492,193.93,6.06,94067.79
2020-08,Street Footwear,Men's,Washington,West,4040,16,89.0,1323,59262,44.45,1.0,27869.1
2020-08,Street Footwear,Women's,Florida,Southeast,8080,32,134.0,2032,69749,40.86,1.23,19130.05
2020-08,Street Footwear,Women's,Texas,South,30300,120,484.0,6595,227752,196.42999999999998,6.09,86224.65
2020-08,Street Footwear,Women's,Washington,West,8080,32,222.0,1768,91644,70.48,1.28,25416.16
2020-09,Apparel,Men's,Florida,Southeast,16160,72,465.0,3926,232834,192.67,3.33,88035.66
2020-09,Apparel,Men's,Texas,South,18180,81,368.0,2962,126015,130.85,3.21,41406.36
2020-09,Apparel,Women's,Florida,Southeast,16160,72,501.0,4654,298498,283.31,4.54,157455.68
2020-09,Apparel,Women's,Texas,South,18180,81,433.0,3949,198195,242.98000000000002,5.0600000000000005,105174.68000000001
2020-09,Athletic Footwear,Men's,Florida,Southeast,16160,72,425.00000000000006,4422,240270,169.82,3.21,89074.75
2020-09,Athletic Footwear,Men's,Texas,South,12120,54,235.0,2582,107623,93.72,2.3899999999999997,40194.119999999995
2020-09,Athletic Footwear,Women's,Florida,Southeast,16160,72,381.0,3943,190495,135.75,2.86,61945.57
2020-09,Athletic Footwear,Women's,Texas,South,18180,81,373.0,3032,131693,187.19,4.5200000000000005,62811.21
2020-09,Street Footwear,Men's,Florida,Southeast,16160,72,474.0,5482,331977,243.2,4.12,158042.65
2020-09,Street Footwear,Men's,Texas,South,12120,54,242.0,2681,113174,100.57,2.4899999999999998,43600.619999999995
2020-09,Street Footwear,Women's,Florida,Southeast,16160,72,398.0,4079,206910,121.67999999999999,2.46,56612.86
2020-09,Street Footwear,Women's,Texas,South,18180,81,377.0,4413,190002,152.04,3.63,71554.53
2020-10,Apparel,Men's,Florida,Southeast,8080,40,246.0,1834,114003,104.25,1.7,43389.0
2020-10,Apparel,Men's,Minnesota,Midwest,8080,40,174.0,383,16979,63.15599999999999,1.46,5543.69
2020-10,Apparel,Men's,Texas,South,12120,60,234.0,2067,85878,85.2,2.1799999999999997,28548.0
2020-10,Apparel,Women's,Florida,Southeast,8080,40,258.0,2111,139914,144.25,2.25,73293.75
2020-10,Apparel,Women's,Minnesota,Midwest,8080,40,136.0,605,20915,68.12,2.0100000000000002,9861.55
2020-10,Apparel,Women's,Texas,South,12120,60,299.0,2853,147942,167.11,3.3600000000000003,78660.02
2020-10,Athletic Footwear,Men's,Florida,Southeast,8080,40,167.0,1339,61871,64.72,1.53,22751.48
2020-10,Athletic Footwear,Men's,Minnesota,Midwest,8080,40,147.0,348,12872,53.0,1.45,4188.4
2020-10,Athletic Footwear,Men's,Texas,South,12120,60,242.0,3017,127047,100.37,2.4899999999999998,48826.35
2020-10,Athletic Footwear,Women's,Florida,Southeast,12120,60,253.00000000000003,1985,95592,94.91,2.2800000000000002,31473.02
2020-10,Athletic Footwear,Women's,Minnesota,Midwest,4040,20,57.0,95,2790,23.190000000000005,0.8200000000000001,1041.3000000000002
2020-10,Athletic Footwear,Women's,Texas,South,12120,60,267.0,2200,102888,135.38,3.0500000000000003,49329.22
2020-10,Street Footwear,Men's,Florida,Southeast,8080,40,184.0,1800,92237,86.58000000000001,1.83,41707.97
2020-10,Street Footwear,Men's,Minnesota,Midwest,8080,40,146.0,1196,44144,60.150000000000006,1.6500000000000001,16561.0
2020-10,Street Footwear,Men's,Texas,South,12120,60,240.0,2925,122906,97.97,2.4499999999999997,46502.52
2020-10,Street Footwear,Women's,Florida,Southeast,12120,60,242.00000000000003,2210,101107,78.41,2.0,28448.75
2020-10,Street Footwear,Women's,Minnesota,Midwest,8080,40,109.0,484,13187,40.05,1.47,4354.65
2020-10,Street Footwear,Women's,Texas,South,12120,60,266.0,2715,126295,108.28999999999999,2.44,47861.689999999995
2020-11,Apparel,Men's,California,West,12120,66,291.0,1714,87840,162.09,3.35,46505.49
2020-11,Apparel,Men's,Minnesota,Midwest,20200,110,497.0,706,35472,176.206,3.56,11501.779999999999
2020-11,Apparel,Women's,California,West,12120,66,264.0,2333,108857,54.95,1.2600000000000002,19546.99
2020-11,Apparel,Women's,Minnesota,Midwest,20200,110,489.0,1555,79237,248.60000000000002,5.1000000000000005,37537.0
2020-11,Athletic Footwear,Men's,California,West,12120,66,292.0,2280,116303,72.56,1.49,26107.97
2020-11,Athletic Footwear,Men's,Minnesota,Midwest,20200,110,420.0,1308,56503,150.60999999999999,3.5999999999999996,18380.37
2020-11,Athletic Footwear,Men's,Texas,South,6060,33,132.0,1217,56440,32.78,0.74,12579.18
2020-11,Athletic Footwear,Women's,California,West,6060,33,136.0,915,43210,48.0,1.06,14105.4
2020-11,Athletic Footwear,Women's,Minnesota,Midwest,20200,110,355.0,548,20294,147.67000000000002,4.19,7660.3600000000015
2020-11,Athletic Footwear,Women's,Texas,South,6060,33,133.0,1019,47315,46.8,1.06,15494.4
2020-11,Street Footwear,Men's,California,West,12120,66,240.0,2689,112905,97.85000000000001,2.46,42839.520000000004
2020-11,Street Footwear,Men's,Minnesota,Midwest,20200,110,459.0,2984,139956,188.41000000000003,4.12,52537.600000000006
2020-11,Street Footwear,Men's,Texas,South,6060,33,107.0,1248,46653,42.35,1.1900000000000002,17418.65
2020-11,Street Footwear,Women's,California,West,12120,66,301.0,2281,118769,124.50000000000001,2.49,45537.21000000001
2020-11,Street Footwear,Women's,Minnesota,Midwest,20200,110,357.0,1092,40620,129.31,3.65,13244.81
2020-11,Street Footwear,Women's,Texas,South,6060,33,129.0,1263,57675,52.06000000000001,1.2200000000000002,21810.460000000003
2020-12,Apparel,Men's,California,West,12120,72,349.0,1650,100679,196.27,3.38,53645.76
2020-12,Apparel,Men's,Minnesota,Midwest,20200,120,456.0,823,38772,162.9918857142857,3.5999999999999996,12544.96
2020-12,Apparel,Women's,California,West,12120,72,369.0,2303,149191,75.0,1.2300000000000002,26603.22
2020-12,Apparel,Women's,Minnesota,Midwest,20200,120,506.99999999999994,1563,81020,261.02411363636367,5.16,38667.93
2020-12,Athletic Footwear,Men's,California,West,6060,36,178.0,1094,67477,44.35,0.75,15304.800000000001
2020-12,Athletic Footwear,Men's,Minnesota,Midwest,20200,120,399.0,1788,74137,144.93,3.65,24245.79
2020-12,Athletic Footwear,Women's,California,West,12120,72,328.0,1979,112560,114.75999999999999,2.1,36753.479999999996
2020-12,Athletic Footwear,Women's,Minnesota,Midwest,24240,144,440.0,1316,51520,185.99,5.0600000000000005,20410.43
2020-12,Street Footwear,Men's,California,West,12120,72,316.0,2796,156100,133.88,2.54,62378.36
2020-12,Street Footwear,Men's,Minnesota,Midwest,20200,120,442.0,2670,120444,189.0883298245614,4.3500000000000005,47239.89000000001
2020-12,Street Footwear,Women's,California,West,6060,36,175.0,1189,72249,72.69,1.2400000000000002,27770.510000000002
2020-12,Street Footwear,Women's,Minnesota,Midwest,20200,120,367.0,1374,55045,143.42000000000002,3.87,21736.9
2021-01,Apparel,Men's,Alaska,West,4042,2,96.0,221,10866,21.299999999999997,0.44999999999999996,1947.3
2021-01,Apparel,Men's,Arizona,West,6063,3,128.0,449,20452,45.66,1.08,6748.74
2021-01,Apparel,Men's,Arkansas,South,6063,3,91.0,446,14358,38.18,1.26,5546.88
2021-01,Apparel,Men's,California,West,30315,15,892.0,5429,340637,504.54,8.49,182347.01
2021-01,Apparel,Men's,Connecticut,Northeast,6063,3,123.0,202,8573,43.34,1.06,2806.86
2021-01,Apparel,Men's,Delaware,Northeast,4042,2,86.0,222,9802,29.900000000000002,0.7,3133.3
2021-01,Apparel,Men's,Florida,Southeast,6063,3,142.0,908,45613,56.959999999999994,1.21,17222.93
2021-01,Apparel,Men's,Georgia,Southeast,6063,3,132.0,1161,53778,53.239999999999995,1.21,20234.059999999998
2021-01,Apparel,Men's,Hawaii,West,4042,2,109.0,293,16047,27.200000000000003,0.5,3576.6000000000004
2021-01,Apparel,Men's,Idaho,West,6063,3,122.0,356,15151,44.3,1.0899999999999999,5037.4
2021-01,Apparel,Men's,Indiana,Midwest,4042,2,86.0,254,11213,38.908,0.91,4728.740000000001
2021-01,Apparel,Men's,Iowa,Midwest,4042,2,78.0,195,7710,43.56,1.12,4060.2
2021-01,Apparel,Men's,Kansas,Midwest,4042,2,98.0,219,10861,40.05799999999999,0.82,4054.7899999999995
2021-01,Apparel,Men's,Kentucky,Southeast,4042,2,78.0,540,21370,32.239999999999995,0.83,8047.6
2021-01,Apparel,Men's,Louisiana,South,6063,3,104.0,521,19168,31.16,0.9,5252.4400000000005
2021-01,Apparel,Men's,Maryland,Northeast,4042,2,99.0,284,14141,35.58,0.72,4589.22
2021-01,Apparel,Men's,Massachusetts,Northeast,6063,3,144.0,363,18501,58.86,1.23,7055.07
2021-01,Apparel,Men's,Michigan,Midwest,4042,2,79.0,423,16822,33.11,0.84,6422.78
2021-01,Apparel,Men's,Mississippi,South,6063,3,95.0,568,18678,38.45,1.21,7053.139999999999
2021-01,Apparel,Men's,Missouri,Midwest,4042,2,68.0,473,16359,27.759999999999998,0.82,6113.73
2021-01,Apparel,Men's,Montana,Midwest,24252,12,554.0,1813,84996,368.13000000000005,8.000000000000002,53322.69000000001
2021-01,Apparel,Men's,New Hampshire,Northeast,6063,3,175.0,318,19440,52.45,0.9,5344.8
2021-01,Apparel,Men's,New Jersey,Northeast,4042,2,99.0,260,12940,35.089999999999996,0.71,4205.4
2021-01,Apparel,Men's,New Mexico,West,6063,3,121.00000000000001,388,16458,48.2,1.2,6149.849999999999
2021-01,Apparel,Men's,New York,Northeast,4042,2,99.0,645,32105,37.05,0.75,10697.25
2021-01,Apparel,Men's,North Carolina,Southeast,4042,2,89.0,603,27007,37.75,0.85,10297.25
2021-01,Apparel,Men's,North Dakota,Midwest,4042,2,78.0,192,7596,43.94,1.13,4005.48
2021-01,Apparel,Men's,Ohio,Midwest,4042,2,96.0,252,12391,39.11825,0.82,4623.889999999999
2021-01,Apparel,Men's,Oklahoma,South,6063,3,96.0,403,13359,39.56999999999999,1.24,5102.34
2021-01,Apparel,Men's,Oregon,West,6063,3,129.0,326,14912,66.47,1.55,7218.56
2021-01,Apparel,Men's,Rhode Island,Northeast,6063,3,137.0,238,11301,43.7,0.96,3229.08
2021-01,Apparel,Men's,South Carolina,Southeast,4042,2,87.0,781,34677,35.06999999999999,0.8099999999999999,12857.67
2021-01,Apparel,Men's,South Dakota,Midwest,4042,2,88.0,224,9981,36.818,0.84,3788.33
2021-01,Apparel,Men's,Utah,West,6063,3,122.0,247,10453,57.2,1.4100000000000001,4569.7
2021-01,Apparel,Men's,Vermont,Northeast,6063,3,162.0,355,19986,58.15,1.0699999999999998,6553.82
2021-01,Apparel,Men's,Virginia,Southeast,6063,3,118.0,712,29696,53.85999999999999,1.3699999999999999,12717.919999999998
2021-01,Apparel,Men's,West Virginia,Northeast,4042,2,87.0,158,7011,31.560000000000002,0.73,2283.48
2021-01,Apparel,Men's,Wisconsin,Midwest,4042,2,86.0,258,11377,31.5385,0.74,3746.0199999999995
2021-01,Apparel,Men's,Wyoming,West,4042,2,87.0,195,8640,39.42,0.91,3663.9
2021-01,Apparel,Women's,Alaska,West,8084,4,194.0,932,45159,78.5,1.65,17180.52
2021-01,Apparel,Women's,Arizona,West,6063,3,123.0,769,32727,36.09,0.88,8892.630000000001
2021-01,Apparel,Women's,Arkansas,South,6063,3,66.0,600,13930,30.060000000000002,1.37,5962.36
2021-01,Apparel,Women's,California,West,30315,15,1032.0,6227,451161,227.87,3.31,86680.14
2021-01,Apparel,Women's,Connecticut,Northeast,6063,3,94.0,360,11826,44.04,1.4100000000000001,5152.5
2021-01,Apparel,Women's,Delaware,Northeast,4042,2,68.0,344,11902,32.150000000000006,0.9500000000000001,5102.35
2021-01,Apparel,Women's,Florida,Southeast,6063,3,124.0,1047,44729,70.35,1.7000000000000002,23912.85
2021-01,Apparel,Women's,Georgia,Southeast,6063,3,107.0,1345,50273,58.1,1.63,26273.7
2021-01,Apparel,Women's,Hawaii,West,4042,2,99.0,599,29826,51.410000000000004,1.04,14272.34
2021-01,Apparel,Women's,Idaho,West,6063,3,103.0,676,24776,29.89,0.87,6669.2
2021-01,Apparel,Women's,Indiana,Midwest,4042,2,69.0,375,13050,31.0,0.9,5475.0
2021-01,Apparel,Women's,Iowa,Midwest,4042,2,58.0,323,9544,27.4,0.9500000000000001,4124.2
2021-01,Apparel,Women's,Kansas,Midwest,4042,2,77.0,347,13664,36.35,0.9500000000000001,5865.2
2021-01,Apparel,Women's,Kentucky,Southeast,4042,2,59.0,683,20332,32.980000000000004,1.12,10715.84
2021-01,Apparel,Women's,Louisiana,South,6063,3,92.0,765,24868,47.65,1.5499999999999998,12088.95
2021-01,Apparel,Women's,Maryland,Northeast,4042,2,76.0,406,15916,34.36,0.91,6687.16
2021-01,Apparel,Women's,Massachusetts,Northeast,6063,3,123.0,527,22473,55.05999999999999,1.3399999999999999,9569.599999999999
2021-01,Apparel,Women's,Michigan,Midwest,4042,2,59.0,548,16317,33.269999999999996,1.13,8622.21
2021-01,Apparel,Women's,Mississippi,South,6063,3,66.0,730,16900,29.700000000000003,1.35,7182.04
2021-01,Apparel,Women's,Missouri,Midwest,4042,2,49.0,613,15187,27.86,1.1400000000000001,8057.18
2021-01,Apparel,Women's,Montana,Midwest,20210,10,497.0,2653,132682,156.68,3.17,36879.92
2021-01,Apparel,Women's,New Hampshire,Northeast,6063,3,150.0,483,25017,53.92,1.0699999999999998,8223.0
2021-01,Apparel,Women's,New Jersey,Northeast,4042,2,77.0,381,14997,32.5,0.85,5698.5
2021-01,Apparel,Women's,New Mexico,West,6063,3,104.0,707,26132,33.0,0.96,7397.08
2021-01,Apparel,Women's,New York,Northeast,4042,2,78.0,756,29928,25.200000000000003,0.65,8371.2
2021-01,Apparel,Women's,North Carolina,Southeast,4042,2,67.0,748,25661,38.3,1.15,13660.9
2021-01,Apparel,Women's,North Dakota,Midwest,4042,2,58.0,325,9600,26.560000000000002,0.92,4092.0
2021-01,Apparel,Women's,Ohio,Midwest,4042,2,77.0,381,14997,35.980000000000004,0.9400000000000001,6418.38
2021-01,Apparel,Women's,Oklahoma,South,6063,3,65.0,571,13119,26.54,1.22,4984.01
2021-01,Apparel,Women's,Oregon,West,6063,3,120.0,712,30012,49.03,1.23,11392.46
2021-01,Apparel,Women's,Rhode Island,Northeast,6063,3,104.0,403,14818,36.419999999999995,1.0499999999999998,4824.32
2021-01,Apparel,Women's,South Carolina,Southeast,4042,2,69.0,921,32039,39.260000000000005,1.1400000000000001,16952.46
2021-01,Apparel,Women's,South Dakota,Midwest,4042,2,68.0,347,12001,30.83,0.91,5061.76
2021-01,Apparel,Women's,Utah,West,6063,3,107.0,640,23908,38.29,1.0699999999999998,7867.8
2021-01,Apparel,Women's,Vermont,Northeast,6063,3,134.0,514,24097,53.55,1.2,9041.9
2021-01,Apparel,Women's,Virginia,Southeast,6063,3,93.0,881,28629,56.190000000000005,1.81,16482.72
2021-01,Apparel,Women's,West Virginia,Northeast,4042,2,68.0,284,9822,23.700000000000003,0.7,3141.3
2021-01,Apparel,Women's,Wisconsin,Midwest,4042,2,67.0,384,13188,30.0,0.9,5544.0
2021-01,Apparel,Women's,Wyoming,West,4042,2,78.0,516,20408,29.099999999999998,0.75,6783.6
2021-01,Athletic Footwear,Men's,Alaska,West,4042,2,88.0,484,21562,23.189999999999998,0.53,4921.71
2021-01,Athletic Footwear,Men's,Arizona,West,6063,3,117.0,760,31581,54.36,1.4000000000000001,13694.58
2021-01,Athletic Footwear,Men's,Arkansas,South,6063,3,68.0,608,14332,26.839999999999996,1.18,5355.66
2021-01,Athletic Footwear,Men's,California,West,36378,18,1030.0,8236,495112,261.53000000000003,4.5200000000000005,112106.45
2021-01,Athletic Footwear,Men's,Connecticut,Northeast,6063,3,97.0,367,12229,38.75,1.2,4604.95
2021-01,Athletic Footwear,Men's,Delaware,Northeast,4042,2,68.0,352,12166,27.759999999999998,0.82,4563.02
2021-01,Athletic Footwear,Men's,Florida,Southeast,6063,3,125.0,1060,45522,50.83,1.22,17328.42
2021-01,Athletic Footwear,Men's,Georgia,Southeast,6063,3,107.0,1287,48302,42.65,1.2,18051.899999999998
2021-01,Athletic Footwear,Men's,Hawaii,West,4042,2,98.0,548,27154,29.3,0.6,7378.9
2021-01,Athletic Footwear,Men's,Idaho,West,6063,3,107.0,671,25122,47.77,1.34,10606.220000000001
2021-01,Athletic Footwear,Men's,Indiana,Midwest,4042,2,67.0,375,12900,31.6,0.9500000000000001,5520.0
2021-01,Athletic Footwear,Men's,Iowa,Midwest,4042,2,59.0,320,9530,23.84,0.8099999999999999,3558.8
2021-01,Athletic Footwear,Men's,Kansas,Midwest,4042,2,77.0,355,13960,26.8,0.7,4484.0
2021-01,Athletic Footwear,Men's,Kentucky,Southeast,4042,2,59.0,667,19868,23.549999999999997,0.7999999999999999,7365.6
2021-01,Athletic Footwear,Men's,Louisiana,South,6063,3,78.0,1080,29918,28.8,1.1099999999999999,10049.4
2021-01,Athletic Footwear,Men's,Maine,Northeast,4042,2,86.0,484,21344,22.53,0.53,4849.77
2021-01,Athletic Footwear,Men's,Maryland,Northeast,4042,2,78.0,406,16078,33.0,0.85,6089.0
2021-01,Athletic Footwear,Men's,Massachusetts,Northeast,6063,3,123.0,526,22425,63.089999999999996,1.54,10837.529999999999
2021-01,Athletic Footwear,Men's,Michigan,Midwest,4042,2,59.0,548,16317,24.130000000000003,0.82,6138.99
2021-01,Athletic Footwear,Men's,Mississippi,South,6063,3,68.0,716,16955,27.199999999999996,1.2,6383.249999999999
2021-01,Athletic Footwear,Men's,Missouri,Midwest,4042,2,48.0,608,14934,19.560000000000002,0.82,5593.98
2021-01,Athletic Footwear,Men's,Montana,Midwest,20210,10,434.0,2767,122619,157.82,3.6599999999999997,40018.28
2021-01,Athletic Footwear,Men's,New Hampshire,Northeast,6063,3,141.0,477,24048,57.150000000000006,1.2200000000000002,9088.2
2021-01,Athletic Footwear,Men's,New Jersey,Northeast,4042,2,77.0,387,15219,35.24,0.92,6473.88
2021-01,Athletic Footwear,Men's,New Mexico,West,6063,3,106.0,725,27045,48.58,1.3800000000000001,11661.75
2021-01,Athletic Footwear,Men's,New York,Northeast,4042,2,79.0,756,30084,29.549999999999997,0.75,9937.8
2021-01,Athletic Footwear,Men's,North Carolina,Southeast,4042,2,68.0,725,25075,28.75,0.85,9518.75
2021-01,Athletic Footwear,Men's,North Dakota,Midwest,4042,2,59.0,320,9530,23.84,0.8099999999999999,3558.8
2021-01,Athletic Footwear,Men's,Ohio,Midwest,4042,2,78.0,378,14964,31.86,0.82,5593.08
2021-01,Athletic Footwear,Men's,Oklahoma,South,6063,3,64.0,546,12523,26.1,1.22,4726.47
2021-01,Athletic Footwear,Men's,Oregon,West,6063,3,118.0,624,26044,54.31999999999999,1.38,11159.359999999999
2021-01,Athletic Footwear,Men's,Rhode Island,Northeast,6063,3,106.0,406,15048,38.239999999999995,1.08,4974.72
2021-01,Athletic Footwear,Men's,South Carolina,Southeast,4042,2,69.0,906,31529,29.25,0.85,11958.25
2021-01,Athletic Footwear,Men's,South Dakota,Midwest,4042,2,67.0,349,11993,24.580000000000002,0.74,3929.42
2021-01,Athletic Footwear,Men's,Utah,West,6063,3,108.0,578,21662,44.71,1.24,8333.35
2021-01,Athletic Footwear,Men's,Vermont,Northeast,6063,3,134.0,527,24674,60.620000000000005,1.36,10531.82
2021-01,Athletic Footwear,Men's,Virginia,Southeast,6063,3,97.0,891,29722,44.5,1.38,12831.279999999999
2021-01,Athletic Footwear,Men's,West Virginia,Northeast,4042,2,69.0,293,10187,28.229999999999997,0.82,3842.89
2021-01,Athletic Footwear,Men's,Wisconsin,Midwest,4042,2,67.0,378,12996,30.32,0.91,5472.96
2021-01,Athletic Footwear,Men's,Wyoming,West,4042,2,76.0,455,17780,30.56,0.8099999999999999,6638.8
2021-01,Athletic Footwear,Women's,Alaska,West,4042,2,88.0,281,12533,26.299999999999997,0.6,3374.05
2021-01,Athletic Footwear,Women's,Arizona,West,6063,3,118.0,511,21310,48.22,1.22,8061.1
2021-01,Athletic Footwear,Women's,Arkansas,South,6063,3,51.0,364,6632,23.490000000000002,1.3800000000000001,2857.16
2021-01,Athletic Footwear,Women's,California,West,30315,15,802.0,5752,322563,291.32,5.449999999999999,108747.60999999999
2021-01,Athletic Footwear,Women's,Connecticut,Northeast,6063,3,83.0,119,3406,38.410000000000004,1.3900000000000001,1472.3600000000001
2021-01,Athletic Footwear,Women's,Delaware,Northeast,4042,2,57.0,163,4776,25.5,0.9,2013.0
2021-01,Athletic Footwear,Women's,Florida,Southeast,6063,3,107.0,815,30465,38.269999999999996,1.08,10086.65
2021-01,Athletic Footwear,Women's,Georgia,Southeast,6063,3,94.0,1087,35752,34.21,1.0899999999999999,11953.13
2021-01,Athletic Footwear,Women's,Hawaii,West,4042,2,97.0,352,17369,36.14999999999999,0.75,5753.549999999999
2021-01,Athletic Footwear,Women's,Idaho,West,6063,3,108.0,440,16566,42.58,1.18,6172.759999999999
2021-01,Athletic Footwear,Women's,Indiana,Midwest,4042,2,59.0,195,5805,27.66,0.9400000000000001,2504.7
2021-01,Athletic Footwear,Women's,Iowa,Midwest,4042,2,48.00000000000001,129,3167,17.85,0.75,1050.15
2021-01,Athletic Footwear,Women's,Kansas,Midwest,4042,2,69.0,161,5599,24.1,0.7,1802.1
2021-01,Athletic Footwear,Women's,Kentucky,Southeast,4042,2,48.0,476,11698,22.19,0.93,4981.1900000000005
2021-01,Athletic Footwear,Women's,Louisiana,South,6063,3,94.0,774,25330,42.410000000000004,1.35,10788.89
2021-01,Athletic Footwear,Women's,Maine,Northeast,4042,2,88.0,284,12662,28.02,0.64,3520.6800000000003
2021-01,Athletic Footwear,Women's,Maryland,Northeast,4042,2,67.0,222,7629,31.6,0.9500000000000001,3277.2
2021-01,Athletic Footwear,Women's,Massachusetts,Northeast,6063,3,108.0,272,10253,44.42,1.23,3890.27
2021-01,Athletic Footwear,Women's,Michigan,Midwest,4042,2,49.00000000000001,352,8723,22.48,0.92,3710.96
2021-01,Athletic Footwear,Women's,Mississippi,South,6063,3,52.0,480,8808,24.18,1.4000000000000001,3808.6800000000003
2021-01,Athletic Footwear,Women's,Missouri,Midwest,4042,2,38.00000000000001,413,8084,17.36,0.92,3423.6800000000003
2021-01,Athletic Footwear,Women's,Montana,Midwest,20210,10,410.0,2119,87873,189.8,4.64,37443.479999999996
2021-01,Athletic Footwear,Women's,New Hampshire,Northeast,6063,3,132.0,240,11093,39.86833333333334,0.9,3053.06
2021-01,Athletic Footwear,Women's,New Jersey,Northeast,4042,2,68.0,192,6636,25.020000000000003,0.74,2184.84
2021-01,Athletic Footwear,Women's,New Mexico,West,6063,3,107.0,474,17697,47.26,1.32,7426.74
2021-01,Athletic Footwear,Women's,New York,Northeast,4042,2,69.0,581,20204,28.229999999999997,0.82,7605.879999999999
2021-01,Athletic Footwear,Women's,North Carolina,Southeast,4042,2,59.0,548,16317,27.080000000000002,0.92,6954.84
2021-01,Athletic Footwear,Women's,North Dakota,Midwest,4042,2,49.00000000000001,126,3124,18.299999999999997,0.75,1030.8
2021-01,Athletic Footwear,Women's,Ohio,Midwest,4042,2,69.0,192,6678,31.0,0.9,2814.0
2021-01,Athletic Footwear,Women's,Oklahoma,South,6063,3,55.0,326,6184,22.71,1.24,2369.36
2021-01,Athletic Footwear,Women's,Oregon,West,6063,3,120.0,396,16690,56.19,1.4099999999999997,7253.32
2021-01,Athletic Footwear,Women's,Rhode Island,Northeast,6063,3,94.0,159,5209,29.42,0.94,1466.67
2021-01,Athletic Footwear,Women's,South Carolina,Southeast,4042,2,59.0,748,22267,27.950000000000003,0.9500000000000001,9659.35
2021-01,Athletic Footwear,Women's,South Dakota,Midwest,4042,2,58.0,158,4674,21.599999999999998,0.75,1540.8
2021-01,Athletic Footwear,Women's,Utah,West,6063,3,109.0,326,12302,43.34,1.19,4615.72
2021-01,Athletic Footwear,Women's,Vermont,Northeast,6063,3,124.0,281,12012,42.21828571428571,1.02,3844.6
2021-01,Athletic Footwear,Women's,Virginia,Southeast,6063,3,80.0,652,18219,33.819125,1.27,7081.17
2021-01,Athletic Footwear,Women's,West Virginia,Northeast,4042,2,58.0,95,2810,24.5,0.85,1067.5
2021-01,Athletic Footwear,Women's,Wisconsin,Midwest,4042,2,58.0,194,5732,23.939999999999998,0.83,2166.36
2021-01,Athletic Footwear,Women's,Wyoming,West,4042,2,78.0,254,10052,31.86,0.82,3764.44
2021-01,Street Footwear,Men's,Alaska,West,4042,2,68.0,484,16722,21.29,0.63,4648.110000000001
2021-01,Street Footwear,Men's,Arizona,West,6063,3,95.0,760,25117,39.48926315789474,1.25,9651.65
2021-01,Street Footwear,Men's,Arkansas,South,6063,3,66.0,920,21409,30.71,1.4000000000000001,9296.460000000001
2021-01,Street Footwear,Men's,California,West,30315,15,774.0,7632,417741,303.93,5.870000000000001,153960.22
2021-01,Street Footwear,Men's,Connecticut,Northeast,6063,3,92.0,689,22212,37.55,1.23,8444.19
2021-01,Street Footwear,Men's,Delaware,Northeast,4042,2,67.0,613,21041,28.25,0.85,8026.75
2021-01,Street Footwear,Men's,Florida,Southeast,6063,3,116.0,1377,56865,58.10000000000001,1.51,27124.350000000002
2021-01,Street Footwear,Men's,Georgia,Southeast,6063,3,105.0,1630,60058,52.84,1.5,28505.5
2021-01,Street Footwear,Men's,Hawaii,West,4042,2,78.0,540,21370,28.34,0.73,6979.1
2021-01,Street Footwear,Men's,Idaho,West,6063,3,82.0,680,19328,33.61917647058823,1.23,7369.83
2021-01,Street Footwear,Men's,Indiana,Midwest,4042,2,67.0,625,21500,30.64,0.92,9080.0
2021-01,Street Footwear,Men's,Iowa,Midwest,4042,2,58.0,576,17028,21.6,0.75,5637.6
2021-01,Street Footwear,Men's,Kansas,Midwest,4042,2,78.0,613,24244,32.620000000000005,0.84,9219.56
2021-01,Street Footwear,Men's,Kentucky,Southeast,4042,2,59.0,914,27231,27.660000000000004,0.9400000000000001,11659.74
2021-01,Street Footwear,Men's,Louisiana,South,6063,3,53.0,1080,20080,18.93,1.0699999999999998,6598.42
2021-01,Street Footwear,Men's,Maine,Northeast,4042,2,68.0,473,16359,20.299999999999997,0.6,4413.15
2021-01,Street Footwear,Men's,Maryland,Northeast,4042,2,76.0,662,25932,30.199999999999996,0.7999999999999999,9569.399999999998
2021-01,Street Footwear,Men's,Massachusetts,Northeast,6063,3,124.0,856,36578,62.65,1.52,17567.45
2021-01,Street Footwear,Men's,Michigan,Midwest,4042,2,57.0,781,22962,25.5,0.9,9606.0
2021-01,Street Footwear,Men's,Mississippi,South,6063,3,66.0,1041,24129,29.720000000000002,1.35,10262.44
2021-01,Street Footwear,Men's,Missouri,Midwest,4042,2,48.0,871,21383,22.65,0.9500000000000001,9229.4
2021-01,Street Footwear,Men's,Montana,Midwest,20210,10,380.0,3736,144301,194.16000000000003,5.12,68679.21
2021-01,Street Footwear,Men's,New Hampshire,Northeast,6063,3,143.0,810,40980,56.49000000000001,1.1800000000000002,15291.200000000003
2021-01,Street Footwear,Men's,New Jersey,Northeast,4042,2,78.0,625,24750,35.379999999999995,0.91,10422.5
2021-01,Street Footwear,Men's,New Mexico,West,6063,3,83.0,730,20874,37.82911111111112,1.37,8982.050000000001
2021-01,Street Footwear,Men's,New York,Northeast,4042,2,79.0,1016,40424,44.57,1.13,21307.12
2021-01,Street Footwear,Men's,North Carolina,Southeast,4042,2,67.0,969,33333,30.64,0.92,14078.16
2021-01,Street Footwear,Men's,North Dakota,Midwest,4042,2,57.0,563,16551,21.15,0.75,5422.95
2021-01,Street Footwear,Men's,Ohio,Midwest,4042,2,77.0,635,24995,35.980000000000004,0.9400000000000001,10697.3
2021-01,Street Footwear,Men's,Oklahoma,South,6063,3,65.0,875,20169,26.48,1.22,7628.6900000000005
2021-01,Street Footwear,Men's,Oregon,West,6063,3,96.0,620,20660,42.589999999999996,1.3299999999999998,8694.199999999999
2021-01,Street Footwear,Men's,Rhode Island,Northeast,6063,3,106.0,716,26708,37.58,1.06,8752.44
2021-01,Street Footwear,Men's,South Carolina,Southeast,4042,2,68.0,1156,39998,30.5,0.9,16761.5
2021-01,Street Footwear,Men's,South Dakota,Midwest,4042,2,68.0,603,20849,27.099999999999998,0.7999999999999999,7719.549999999999
2021-01,Street Footwear,Men's,Utah,West,6063,3,81.0,557,15762,32.339999999999996,1.2,5912.999999999999
2021-01,Street Footwear,Men's,Vermont,Northeast,6063,3,133.0,829,38551,61.57000000000001,1.3800000000000001,16559.71
2021-01,Street Footwear,Men's,Virginia,Southeast,6063,3,92.0,1186,38511,50.2,1.63,20121.9
2021-01,Street Footwear,Men's,West Virginia,Northeast,4042,2,68.0,531,18373,30.5,0.9,7699.0
2021-01,Street Footwear,Men's,Wisconsin,Midwest,4042,2,67.0,640,21980,30.64,0.92,9329.6
2021-01,Street Footwear,Men's,Wyoming,West,4042,2,59.0,441,13139,23.839999999999996,0.8099999999999999,4888.94
2021-01,Street Footwear,Women's,Alaska,West,4042,2,86.0,488,21508,26.009999999999998,0.61,5886.63
2021-01,Street Footwear,Women's,Arizona,West,6063,3,119.0,770,32195,47.55,1.2,12106.769999999999
2021-01,Street Footwear,Women's,Arkansas,South,6063,3,40.00000000000001,604,8405,18.550000000000004,1.3800000000000001,3621.8
2021-01,Street Footwear,Women's,California,West,30315,15,837.0,6338,372581,348.01,6.21,144964.91
2021-01,Street Footwear,Women's,Connecticut,Northeast,6063,3,68.0,360,8505,31.18,1.37,3656.16
2021-01,Street Footwear,Women's,Delaware,Northeast,4042,2,49.00000000000001,347,8603,22.240000000000002,0.91,3631.2799999999997
2021-01,Street Footwear,Women's,Florida,Southeast,6063,3,93.0,1021,33410,28.45,0.9199999999999999,9265.619999999999
2021-01,Street Footwear,Women's,Georgia,Southeast,6063,3,83.0,1337,38278,26.490000000000002,0.96,11019.9
2021-01,Street Footwear,Women's,Hawaii,West,4042,2,95.0,548,26785,33.45,0.71,8644.35
2021-01,Street Footwear,Women's,Idaho,West,6063,3,108.0,676,25417,44.22,1.23,9624.83
2021-01,Street Footwear,Women's,Indiana,Midwest,4042,2,50.00000000000001,387,9675,23.75,0.9500000000000001,4196.25
2021-01,Street Footwear,Women's,Iowa,Midwest,4042,2,38.00000000000001,315,6170,13.379999999999999,0.71,1979.7
2021-01,Street Footwear,Women's,Kansas,Midwest,4042,2,57.0,358,10491,20.88,0.74,3461.04
2021-01,Street Footwear,Women's,Kentucky,Southeast,4042,2,38.00000000000001,683,13344,17.9,0.9500000000000001,5764.2
2021-01,Street Footwear,Women's,Louisiana,South,6063,3,79.0,756,20984,27.970000000000002,1.07,6866.54
2021-01,Street Footwear,Women's,Maine,Northeast,4042,2,88.0,476,21218,28.45,0.65,5955.95
2021-01,Street Footwear,Women's,Maryland,Northeast,4042,2,59.0,416,12389,27.37,0.93,5298.67
2021-01,Street Footwear,Women's,Massachusetts,Northeast,6063,3,94.0,517,17014,37.449999999999996,1.2,6382.449999999999
2021-01,Street Footwear,Women's,Michigan,Midwest,4042,2,39.0,548,10837,15.549999999999999,0.7999999999999999,4026.6499999999996
2021-01,Street Footwear,Women's,Mississippi,South,6063,3,40.00000000000001,707,9928,17.98,1.35,4212.98
2021-01,Street Footwear,Women's,Missouri,Midwest,4042,2,29.0,618,9127,11.829999999999998,0.82,3434.69
2021-01,Street Footwear,Women's,Montana,Midwest,20210,10,442.0,2896,129296,224.5,5.09,61464.24
2021-01,Street Footwear,Women's,New Hampshire,Northeast,6063,3,124.0,489,20925,36.1,0.87,5696.55
2021-01,Street Footwear,Women's,New Jersey,Northeast,4042,2,58.0,390,11520,20.2,0.7,3708.0
2021-01,Street Footwear,Women's,New Mexico,West,6063,3,110.0,716,27268,44.54,1.22,10336.2
2021-01,Street Footwear,Women's,New York,Northeast,4042,2,59.0,768,22872,24.42,0.83,8638.56
2021-01,Street Footwear,Women's,North Carolina,Southeast,4042,2,49.00000000000001,742,18383,22.96,0.9400000000000001,7914.32
2021-01,Street Footwear,Women's,North Dakota,Midwest,4042,2,39.00000000000001,318,6292,14.549999999999999,0.75,2081.4
2021-01,Street Footwear,Women's,Ohio,Midwest,4042,2,58.0,375,11100,26.560000000000002,0.92,4692.0
2021-01,Street Footwear,Women's,Oklahoma,South,6063,3,41.00000000000001,554,7874,16.77,1.23,2985.66
2021-01,Street Footwear,Women's,Oregon,West,6063,3,121.0,640,27040,55.41,1.3699999999999999,11616.96
2021-01,Street Footwear,Women's,Rhode Island,Northeast,6063,3,79.0,398,11121,23.599999999999998,0.8999999999999999,3063.06
2021-01,Street Footwear,Women's,South Carolina,Southeast,4042,2,49.00000000000001,914,22661,22.96,0.9400000000000001,9699.44
2021-01,Street Footwear,Women's,South Dakota,Midwest,4042,2,50.00000000000001,349,8725,17.5,0.7,2802.5
2021-01,Street Footwear,Women's,Utah,West,6063,3,110.0,560,21350,44.809999999999995,1.22,8135.049999999999
2021-01,Street Footwear,Women's,Vermont,Northeast,6063,3,106.0,507,18906,39.18,1.1099999999999999,6303.18
2021-01,Street Footwear,Women's,Virginia,Southeast,6063,3,66.0,875,20345,22.46,1.02,6509.56
2021-01,Street Footwear,Women's,West Virginia,Northeast,4042,2,49.00000000000001,288,7137,19.79,0.8099999999999999,2664.2699999999995
2021-01,Street Footwear,Women's,Wisconsin,Midwest,4042,2,49.00000000000001,387,9588,19.549999999999997,0.7999999999999999,3564.6
2021-01,Street Footwear,Women's,Wyoming,West,4042,2,79.0,441,17549,31.55,0.7999999999999999,6497.05
2021-02,Apparel,Men's,Alaska,West,4042,4,125.00000000000001,325,20750,39.05,0.63,5772.5
2021-02,Apparel,Men's,Arizona,West,6063,6,123.0,245,10434,45.3,1.1099999999999999,3517.44
2021-02,Apparel,Men's,Arkansas,South,6063,6,92.0,534,17260,36.059999999999995,1.17,6425.259999999999
2021-02,Apparel,Men's,California,West,18189,18,520.0,3214,194545,263.11,4.5600000000000005,92913.23000000001
2021-02,Apparel,Men's,Connecticut,Northeast,6063,6,138.0,326,15514,50.989999999999995,1.1099999999999999,5245.98
2021-02,Apparel,Men's,Delaware,Northeast,4042,4,95.0,290,14175,33.45,0.71,4574.25
2021-02,Apparel,Men's,Florida,Southeast,6063,6,151.0,322,16848,38.2,0.76,3853.12
2021-02,Apparel,Men's,Georgia,Southeast,6063,6,120.00000000000001,286,12006,48.69,1.22,4555.53
2021-02,Apparel,Men's,Hawaii,West,4042,4,97.0,188,9286,21.6,0.44999999999999996,1660.8
2021-02,Apparel,Men's,Idaho,West,6063,6,110.0,408,15458,32.949999999999996,0.8999999999999999,4273.9
2021-02,Apparel,Men's,Indiana,Midwest,4042,4,86.0,258,11377,31.5385,0.74,3746.0199999999995
2021-02,Apparel,Men's,Iowa,Midwest,4042,4,78.0,188,7444,44.7,1.15,3938.6
2021-02,Apparel,Men's,Kansas,Midwest,4042,4,67.0,293,10051,27.61,0.83,3800.73
2021-02,Apparel,Men's,Kentucky,Southeast,4042,4,98.0,254,12591,40.05825,0.82,4717.889999999999
2021-02,Apparel,Men's,Louisiana,South,6063,6,131.0,279,12947,66.81,1.52,6228.33
2021-02,Apparel,Men's,Maryland,Northeast,4042,4,86.0,156,6896,31.95,0.75,2259.45
2021-02,Apparel,Men's,Massachusetts,Northeast,6063,6,134.0,244,11376,40.46000000000001,0.9,3138.0
2021-02,Apparel,Men's,Michigan,Midwest,4042,4,86.0,576,25416,40.55,0.95,10941.3
2021-02,Apparel,Men's,Mississippi,South,6063,6,105.0,644,23748,42.08,1.2,8916.56
2021-02,Apparel,Men's,Missouri,Midwest,4042,4,78.0,413,16344,31.099999999999998,0.7999999999999999,6054.8
2021-02,Apparel,Men's,Montana,Midwest,16168,16,408.0,2078,107009,268.79537394957987,5.280000000000001,66721.20000000001
2021-02,Apparel,Men's,New Hampshire,Northeast,6063,6,157.0,454,25084,55.61,1.06,8247.52
2021-02,Apparel,Men's,New Jersey,Northeast,4042,4,86.0,222,9802,29.900000000000002,0.7,3133.3
2021-02,Apparel,Men's,New Mexico,West,6063,6,129.0,316,14538,45.68,1.06,4743.76
2021-02,Apparel,Men's,New York,Northeast,4042,4,105.0,704,37950,42.25,0.8099999999999999,14129.5
2021-02,Apparel,Men's,North Carolina,Southeast,4042,4,89.0,780,34920,37.75,0.85,13410.0
2021-02,Apparel,Men's,North Dakota,Midwest,4042,4,87.0,226,10016,36.327999999999996,0.84,3805.4799999999996
2021-02,Apparel,Men's,Ohio,Midwest,4042,4,86.0,572,25252,34.61,0.8099999999999999,9388.42
2021-02,Apparel,Men's,Oklahoma,South,6063,6,93.0,410,13340,37.83,1.22,5077.0
2021-02,Apparel,Men's,Oregon,West,6063,6,119.0,206,8597,53.92,1.36,3685.36
2021-02,Apparel,Men's,Rhode Island,Northeast,6063,6,120.0,200,8420,42.55,1.0699999999999998,2765.45
2021-02,Apparel,Men's,South Carolina,Southeast,4042,4,99.0,889,44261,40.53,0.82,16602.67
2021-02,Apparel,Men's,South Dakota,Midwest,4042,4,98.0,221,10957,39.098,0.7999999999999999,4055.7499999999995
2021-02,Apparel,Men's,Utah,West,6063,6,95.0,596,19717,38.41,1.22,7459.35
2021-02,Apparel,Men's,Vermont,Northeast,6063,6,145.0,356,18225,60.29,1.24,6986.97
2021-02,Apparel,Men's,Virginia,Southeast,6063,6,116.0,202,8352,54.15,1.4000000000000001,3636.75
2021-02,Apparel,Men's,West Virginia,Northeast,4042,4,98.0,315,15619,45.4384,0.93,6653.200000000001
2021-02,Apparel,Men's,Wisconsin,Midwest,4042,4,78.0,188,7444,43.18,1.1099999999999999,3880.84
2021-02,Apparel,Men's,Wyoming,West,4042,4,97.0,645,31815,34.269999999999996,0.71,10294.15
2021-02,Apparel,Women's,Alaska,West,4042,4,107.0,452,24554,39.38,0.74,8108.76
2021-02,Apparel,Women's,Arizona,West,6063,6,109.0,554,20940,32.05,0.88,5674.76
2021-02,Apparel,Women's,Arkansas,South,6063,6,55.0,685,13005,24.980000000000004,1.36,5554.3
2021-02,Apparel,Women's,California,West,18189,18,559.0,3617,236508,87.39,1.4100000000000001,30375.34
2021-02,Apparel,Women's,Connecticut,Northeast,6063,6,111.0,480,18348,44.029999999999994,1.19,6872.28
2021-02,Apparel,Women's,Delaware,Northeast,4042,4,79.0,423,16822,36.67,0.93,7225.66
2021-02,Apparel,Women's,Florida,Southeast,6063,6,130.0,632,29168,66.59,1.54,14031.0
2021-02,Apparel,Women's,Georgia,Southeast,6063,6,105.0,604,22294,31.439999999999998,0.8999999999999999,6119.08
2021-02,Apparel,Women's,Hawaii,West,4042,4,89.0,452,20238,42.2,0.9500000000000001,8768.4
2021-02,Apparel,Women's,Idaho,West,6063,6,95.0,716,23714,47.97,1.52,11362.4
2021-02,Apparel,Women's,Indiana,Midwest,4042,4,39.0,375,7424,17.688666666666666,0.91,3126.35
2021-02,Apparel,Women's,Iowa,Midwest,4042,4,28.999999999999996,318,4701,13.5584,0.9400000000000001,2013.6800000000003
2021-02,Apparel,Women's,Kansas,Midwest,4042,4,38.0,423,8264,15.82,0.84,3139.36
2021-02,Apparel,Women's,Kentucky,Southeast,4042,4,79.0,378,15042,35.89,0.91,6351.42
2021-02,Apparel,Women's,Louisiana,South,6063,6,121.0,611,25687,48.709999999999994,1.2,9674.89
2021-02,Apparel,Women's,Maryland,Northeast,4042,4,69.0,288,10017,25.119999999999997,0.73,3283.56
2021-02,Apparel,Women's,Massachusetts,Northeast,6063,6,108.0,405,15250,38.32,1.06,5022.0
2021-02,Apparel,Women's,Michigan,Midwest,4042,4,68.0,688,23804,41.36,1.2200000000000002,13638.68
2021-02,Apparel,Women's,Mississippi,South,6063,6,69.0,785,18700,38.300000000000004,1.67,9874.0
2021-02,Apparel,Women's,Missouri,Midwest,4042,4,58.0,520,15360,32.64,1.13,8116.8
2021-02,Apparel,Women's,Montana,Midwest,20210,20,586.0,2960,175778,182.6,3.13,48453.42
2021-02,Apparel,Women's,New Hampshire,Northeast,6063,6,132.0,597,27722,53.980000000000004,1.23,10511.94
2021-02,Apparel,Women's,New Jersey,Northeast,4042,4,67.0,349,11993,30.96,0.93,5105.04
2021-02,Apparel,Women's,New Mexico,West,6063,6,121.0,644,27164,36.63,0.91,7492.32
2021-02,Apparel,Women's,New York,Northeast,4042,4,87.0,832,36894,49.379999999999995,1.1400000000000001,19517.16
2021-02,Apparel,Women's,North Carolina,Southeast,4042,4,59.0,903,26887,32.4,1.1,14032.2
2021-02,Apparel,Women's,North Dakota,Midwest,4042,4,48.0,344,8461,21.728545454545454,0.91,3558.9700000000003
2021-02,Apparel,Women's,Ohio,Midwest,4042,4,59.0,693,20647,32.69,1.1099999999999999,10779.67
2021-02,Apparel,Women's,Oklahoma,South,6063,6,52.0,560,10332,23.62,1.37,4420.92
2021-02,Apparel,Women's,Oregon,West,6063,6,105.0,508,18889,36.6,1.05,6118.4
2021-02,Apparel,Women's,Rhode Island,Northeast,6063,6,95.0,367,12099,44.18000000000001,1.4000000000000001,5263.9800000000005
2021-02,Apparel,Women's,South Carolina,Southeast,4042,4,69.0,1016,35344,39.6,1.15,18773.6
2021-02,Apparel,Women's,South Dakota,Midwest,4042,4,67.0,355,12185,31.6,0.9500000000000001,5258.0
2021-02,Apparel,Women's,Utah,West,6063,6,67.0,730,17076,37.28,1.67,9049.380000000001
2021-02,Apparel,Women's,Vermont,Northeast,6063,6,123.0,517,22025,57.669999999999995,1.41,9583.849999999999
2021-02,Apparel,Women's,Virginia,Southeast,6063,6,108.0,513,19288,39.14,1.0899999999999999,6379.139999999999
2021-02,Apparel,Women's,West Virginia,Northeast,4042,4,48.99999999999999,455,11269,22.958857142857145,0.9400000000000001,4860.400000000001
2021-02,Apparel,Women's,Wisconsin,Midwest,4042,4,28.999999999999996,315,4659,13.1384,0.91,1963.7000000000003
2021-02,Apparel,Women's,Wyoming,West,4042,4,78.0,774,30612,24.82,0.64,8578.68
2021-02,Athletic Footwear,Men's,Alaska,West,8084,8,195.0,763,36811,67.13,1.35,10676.970000000001
2021-02,Athletic Footwear,Men's,Arizona,West,6063,6,125.0,667,28685,59.120000000000005,1.4200000000000002,12516.32
2021-02,Athletic Footwear,Men's,Arkansas,South,6063,6,65.0,438,10126,25.96,1.2,3802.94
2021-02,Athletic Footwear,Men's,California,West,18189,18,449.0,4117,217246,103.53,2.14,43489.46
2021-02,Athletic Footwear,Men's,Connecticut,Northeast,6063,6,93.0,202,6583,37.589999999999996,1.21,2490.29
2021-02,Athletic Footwear,Men's,Delaware,Northeast,4042,4,67.0,228,7821,28.25,0.85,2991.75
2021-02,Athletic Footwear,Men's,Florida,Southeast,6063,6,118.0,853,35661,49.04,1.25,13599.69
2021-02,Athletic Footwear,Men's,Georgia,Southeast,6063,6,106.0,1190,44171,42.2,1.19,16595.14
2021-02,Athletic Footwear,Men's,Hawaii,West,4042,4,99.0,536,26689,29.65,0.6,7216.15
2021-02,Athletic Footwear,Men's,Idaho,West,6063,6,106.0,616,22878,48.56,1.37,9859.880000000001
2021-02,Athletic Footwear,Men's,Indiana,Midwest,4042,4,78.0,250,9900,36.9,0.9500000000000001,4245.0
2021-02,Athletic Footwear,Men's,Iowa,Midwest,4042,4,59.0,189,5631,24.71,0.84,2129.19
2021-02,Athletic Footwear,Men's,Kansas,Midwest,4042,4,79.0,222,8833,29.16,0.74,2906.52
2021-02,Athletic Footwear,Men's,Kentucky,Southeast,4042,4,57.0,531,15612,23.46,0.83,5836.26
2021-02,Athletic Footwear,Men's,Louisiana,South,6063,6,95.0,954,31608,33.18,1.0499999999999998,10301.76
2021-02,Athletic Footwear,Men's,Maryland,Northeast,4042,4,77.0,286,11257,31.02,0.8099999999999999,4188.22
2021-02,Athletic Footwear,Men's,Massachusetts,Northeast,6063,6,122.0,358,15185,62.16,1.52,7283.37
2021-02,Athletic Footwear,Men's,Michigan,Midwest,4042,4,58.0,419,12382,24.22,0.84,4702.18
2021-02,Athletic Footwear,Men's,Mississippi,South,6063,6,66.0,567,13174,26.18,1.19,4939.0599999999995
2021-02,Athletic Footwear,Men's,Missouri,Midwest,4042,4,49.0,476,11799,20.03,0.82,4420.53
2021-02,Athletic Footwear,Men's,Montana,Midwest,20210,20,479.0,3783,183892,173.76,3.6399999999999997,60185.619999999995
2021-02,Athletic Footwear,Men's,New Hampshire,Northeast,6063,6,150.0,354,18442,61.27000000000001,1.23,7004.47
2021-02,Athletic Footwear,Men's,New Jersey,Northeast,4042,4,77.0,254,9998,34.5,0.9,4199.0
2021-02,Athletic Footwear,Men's,New Mexico,West,6063,6,104.0,636,23492,48.77,1.4100000000000001,10219.28
2021-02,Athletic Footwear,Men's,New York,Northeast,4042,4,77.0,645,25365,27.17,0.71,8199.65
2021-02,Athletic Footwear,Men's,North Carolina,Southeast,4042,4,68.0,618,21344,28.75,0.85,8178.25
2021-02,Athletic Footwear,Men's,North Dakota,Midwest,4042,4,58.0,195,5760,23.379999999999995,0.8099999999999999,2154.6
2021-02,Athletic Footwear,Men's,Ohio,Midwest,4042,4,78.0,258,10204,31.479999999999997,0.8099999999999999,3813.84
2021-02,Athletic Footwear,Men's,Oklahoma,South,6063,6,65.0,390,9020,27.22,1.26,3457.75
2021-02,Athletic Footwear,Men's,Oregon,West,6063,6,117.0,640,26600,52.239999999999995,1.3399999999999999,11278.48
2021-02,Athletic Footwear,Men's,Rhode Island,Northeast,6063,6,109.0,244,9201,38.81,1.0699999999999998,3029.41
2021-02,Athletic Footwear,Men's,South Carolina,Southeast,4042,4,69.0,813,28267,28.57,0.83,10724.41
2021-02,Athletic Footwear,Men's,South Dakota,Midwest,4042,4,69.0,226,7859,25.119999999999997,0.73,2583.12
2021-02,Athletic Footwear,Men's,Utah,West,6063,6,108.0,564,21116,44.9,1.25,8101.66
2021-02,Athletic Footwear,Men's,Vermont,Northeast,6063,6,132.0,410,19020,58.86,1.34,8073.6
2021-02,Athletic Footwear,Men's,Virginia,Southeast,6063,6,95.0,720,23742,43.31,1.3699999999999999,10166.669999999998
2021-02,Athletic Footwear,Men's,West Virginia,Northeast,4042,4,69.0,163,5667,27.89,0.8099999999999999,2125.5699999999997
2021-02,Athletic Footwear,Men's,Wisconsin,Midwest,4042,4,69.0,252,8768,31.34,0.91,3701.6800000000003
2021-02,Athletic Footwear,Men's,Wyoming,West,4042,4,76.0,455,17780,30.2,0.7999999999999999,6601.0
2021-02,Athletic Footwear,Women's,Alaska,West,4042,4,99.0,221,11003,31.60857142857143,0.64,3066.31
2021-02,Athletic Footwear,Women's,Arizona,West,6063,6,104.0,356,13162,43.16,1.25,5041.68
2021-02,Athletic Footwear,Women's,Arkansas,South,6063,6,53.0,398,7430,24.05,1.37,3179.9
2021-02,Athletic Footwear,Women's,California,West,18189,18,439.0,3461,177603,136.95999999999998,2.8099999999999996,50107.939999999995
2021-02,Athletic Footwear,Women's,Connecticut,Northeast,6063,6,91.0,198,6399,32.5,1.0699999999999998,2100.1
2021-02,Athletic Footwear,Women's,Delaware,Northeast,4042,4,68.0,195,6735,32.150000000000006,0.9500000000000001,2916.75
2021-02,Athletic Footwear,Women's,Florida,Southeast,6063,6,131.0,443,20464,48.12,1.1099999999999999,6842.28
2021-02,Athletic Footwear,Women's,Georgia,Southeast,6063,6,106.0,393,14668,47.92,1.36,6235.360000000001
2021-02,Athletic Footwear,Women's,Hawaii,West,4042,4,86.0,281,12421,27.240000000000002,0.64,3426.69
2021-02,Athletic Footwear,Women's,Idaho,West,6063,6,94.0,600,19745,42.620000000000005,1.36,8448.960000000001
2021-02,Athletic Footwear,Women's,Indiana,Midwest,4042,4,59.0,161,4794,24.13,0.82,1803.1799999999998
2021-02,Athletic Footwear,Women's,Iowa,Midwest,4042,4,50.00000000000001,98,2450,18.5,0.74,815.5
2021-02,Athletic Footwear,Women's,Kansas,Midwest,4042,4,40.0,192,3840,15.999999999999998,0.7999999999999999,1428.0
2021-02,Athletic Footwear,Women's,Kentucky,Southeast,4042,4,69.0,159,5531,32.36,0.9400000000000001,2374.24
2021-02,Athletic Footwear,Women's,Louisiana,South,6063,6,122.0,398,16937,57.709999999999994,1.42,7429.849999999999
2021-02,Athletic Footwear,Women's,Maryland,Northeast,4042,4,58.0,64,1892,24.5,0.85,721.0
2021-02,Athletic Footwear,Women's,Massachusetts,Northeast,6063,6,94.0,393,12951,29.55,0.95,3662.38
2021-02,Athletic Footwear,Women's,Michigan,Midwest,4042,4,57.99999999999999,484,14301,24.219066666666667,0.84,5432.629999999999
2021-02,Athletic Footwear,Women's,Mississippi,South,6063,6,69.0,514,12262,31.240000000000002,1.36,5244.02
2021-02,Athletic Footwear,Women's,Missouri,Midwest,4042,4,49.00000000000001,320,7930,22.48,0.92,3373.6
2021-02,Athletic Footwear,Women's,Montana,Midwest,16168,16,337.0,2090,89790,156.64999999999998,3.7399999999999998,38321.079999999994
2021-02,Athletic Footwear,Women's,New Hampshire,Northeast,6063,6,118.0,326,13543,42.0985,1.0699999999999998,4463.9
2021-02,Athletic Footwear,Women's,New Jersey,Northeast,4042,4,59.0,130,3870,27.37,0.93,1661.1
2021-02,Athletic Footwear,Women's,New Mexico,West,6063,6,117.0,440,18196,47.55,1.21,6866.86
2021-02,Athletic Footwear,Women's,New York,Northeast,4042,4,77.0,608,23921,27.54,0.72,7766.82
2021-02,Athletic Footwear,Women's,North Carolina,Southeast,4042,4,59.0,667,19868,26.5,0.9,8359.0
2021-02,Athletic Footwear,Women's,North Dakota,Midwest,4042,4,59.0,130,3870,22.049999999999997,0.75,1291.5
2021-02,Athletic Footwear,Women's,Ohio,Midwest,4042,4,59.0,476,14179,26.5,0.9,5964.5
2021-02,Athletic Footwear,Women's,Oklahoma,South,6063,6,54.0,282,5301,24.59,1.37,2275.01
2021-02,Athletic Footwear,Women's,Oregon,West,6063,6,108.0,322,12118,44.61,1.24,4646.72
2021-02,Athletic Footwear,Women's,Rhode Island,Northeast,6063,6,79.0,79,2197,36.66,1.3900000000000001,947.58
2021-02,Athletic Footwear,Women's,South Carolina,Southeast,4042,4,68.0,794,27452,25.349999999999998,0.75,9072.15
2021-02,Athletic Footwear,Women's,South Dakota,Midwest,4042,4,68.0,125,4325,25.02,0.74,1413.0
2021-02,Athletic Footwear,Women's,Utah,West,6063,6,55.00000000000001,480,9141,24.22,1.32,3851.46
2021-02,Athletic Footwear,Women's,Vermont,Northeast,6063,6,106.0,243,9060,41.96,1.19,3392.4
2021-02,Athletic Footwear,Women's,Virginia,Southeast,6063,6,106.0,322,11996,44.48,1.26,4636.72
2021-02,Athletic Footwear,Women's,West Virginia,Northeast,4042,4,69.0,224,7791,32.019999999999996,0.93,3332.98
2021-02,Athletic Footwear,Women's,Wisconsin,Midwest,4042,4,48.00000000000001,95,2335,17.39,0.73,760.3
2021-02,Athletic Footwear,Women's,Wyoming,West,4042,4,67.0,548,18811,27.61,0.83,7095.53
2021-02,Street Footwear,Men's,Alaska,West,8084,8,174.0,1366,61792,63.85000000000001,1.4300000000000002,21070.65
2021-02,Street Footwear,Men's,Arizona,West,6063,6,95.0,845,27896,39.21933333333333,1.24,10676.289999999999
2021-02,Street Footwear,Men's,Arkansas,South,6063,6,67.0,1000,23389,30.4,1.36,9990.64
2021-02,Street Footwear,Men's,California,West,18189,18,385.0,4118,190326,144.63000000000002,3.4600000000000004,65977.27
2021-02,Street Footwear,Men's,Connecticut,Northeast,6063,6,93.0,756,24559,38.51,1.24,9356.49
2021-02,Street Footwear,Men's,Delaware,Northeast,4042,4,69.0,672,23373,28.57,0.83,8830.29
2021-02,Street Footwear,Men's,Florida,Southeast,6063,6,125.0,1422,61164,61.370000000000005,1.47,28760.760000000002
2021-02,Street Footwear,Men's,Georgia,Southeast,6063,6,109.0,1763,66512,55.300000000000004,1.52,31939.920000000002
2021-02,Street Footwear,Men's,Hawaii,West,4042,4,76.0,662,25932,27.12,0.72,8371.44
2021-02,Street Footwear,Men's,Idaho,West,6063,6,80.0,780,21798,32.769263157894734,1.22,8319.39
2021-02,Street Footwear,Men's,Indiana,Midwest,4042,4,68.0,699,24167,31.82,0.9400000000000001,10355.18
2021-02,Street Footwear,Men's,Iowa,Midwest,4042,4,59.0,640,19060,20.89,0.71,6164.6
2021-02,Street Footwear,Men's,Kansas,Midwest,4042,4,77.0,683,26846,32.5,0.85,10273.0
2021-02,Street Footwear,Men's,Kentucky,Southeast,4042,4,58.0,1000,29550,26.560000000000002,0.92,12576.0
2021-02,Street Footwear,Men's,Louisiana,South,6063,6,66.0,988,22974,22.46,1.02,7339.1
2021-02,Street Footwear,Men's,Maryland,Northeast,4042,4,79.0,719,28616,33.5,0.85,10858.0
2021-02,Street Footwear,Men's,Massachusetts,Northeast,6063,6,119.0,926,38794,58.72,1.48,18331.91
2021-02,Street Footwear,Men's,Michigan,Midwest,4042,4,59.0,857,25528,27.37,0.93,10897.34
2021-02,Street Footwear,Men's,Mississippi,South,6063,6,66.0,1099,25606,29.89,1.36,10919.86
2021-02,Street Footwear,Men's,Missouri,Midwest,4042,4,50.0,943,23575,23.25,0.93,10138.5
2021-02,Street Footwear,Men's,Montana,Midwest,20210,20,417.0,4063,171928,213.78000000000003,5.15,82149.76000000001
2021-02,Street Footwear,Men's,New Hampshire,Northeast,6063,6,148.0,932,48165,57.82000000000001,1.1700000000000002,17908.230000000003
2021-02,Street Footwear,Men's,New Jersey,Northeast,4042,4,79.0,699,27811,35.5,0.9,11705.5
2021-02,Street Footwear,Men's,New Mexico,West,6063,6,82.0,795,22654,37.25920000000001,1.36,9711.75
2021-02,Street Footwear,Men's,New York,Northeast,4042,4,77.0,1088,42806,42.57,1.1099999999999999,22371.66
2021-02,Street Footwear,Men's,North Carolina,Southeast,4042,4,67.0,1056,36267,30.0,0.9,15246.0
2021-02,Street Footwear,Men's,North Dakota,Midwest,4042,4,58.0,645,19060,21.32,0.74,6286.4
2021-02,Street Footwear,Men's,Ohio,Midwest,4042,4,78.0,688,27244,36.14,0.93,11579.32
2021-02,Street Footwear,Men's,Oklahoma,South,6063,6,66.0,966,22398,26.759999999999998,1.22,8470.02
2021-02,Street Footwear,Men's,Oregon,West,6063,6,92.0,815,26320,42.29,1.38,11338.599999999999
2021-02,Street Footwear,Men's,Rhode Island,Northeast,6063,6,102.0,795,29070,36.379999999999995,1.08,9557.5
2021-02,Street Footwear,Men's,South Carolina,Southeast,4042,4,69.0,1238,43067,31.0,0.9,18121.0
2021-02,Street Footwear,Men's,South Dakota,Midwest,4042,4,69.0,677,23543,27.549999999999997,0.7999999999999999,8756.85
2021-02,Street Footwear,Men's,Utah,West,6063,6,81.0,720,20259,32.57,1.21,7631.91
2021-02,Street Footwear,Men's,Vermont,Northeast,6063,6,133.0,966,45144,60.93,1.37,19457.16
2021-02,Street Footwear,Men's,Virginia,Southeast,6063,6,95.0,1256,41456,53.22,1.6800000000000002,21944.8
2021-02,Street Footwear,Men's,West Virginia,Northeast,4042,4,67.0,613,21041,30.96,0.93,8990.48
2021-02,Street Footwear,Men's,Wisconsin,Midwest,4042,4,69.0,710,24690,32.7,0.9500000000000001,10692.0
2021-02,Street Footwear,Men's,Wyoming,West,4042,4,57.0,563,16551,22.919999999999998,0.8099999999999999,6128.46
2021-02,Street Footwear,Women's,Alaska,West,8084,8,177.0,821,36697,54.25,1.23,10026.53
2021-02,Street Footwear,Women's,Arizona,West,6063,6,121.0,668,28296,48.61,1.21,10635.21
2021-02,Street Footwear,Women's,Arkansas,South,6063,6,42.00000000000001,514,7416,19.14,1.37,3185.2200000000003
2021-02,Street Footwear,Women's,California,West,18189,18,443.0,3538,182680,153.28000000000003,3.1200000000000006,59155.32000000001
2021-02,Street Footwear,Women's,Connecticut,Northeast,6063,6,67.0,277,6505,29.740000000000002,1.33,2748.2200000000003
2021-02,Street Footwear,Women's,Delaware,Northeast,4042,4,49.00000000000001,288,7137,22.240000000000002,0.91,3021.12
2021-02,Street Footwear,Women's,Florida,Southeast,6063,6,91.0,978,31434,28.32,0.94,8875.98
2021-02,Street Footwear,Women's,Georgia,Southeast,6063,6,80.0,1240,34751,24.529999999999998,0.9199999999999999,9703.31
2021-02,Street Footwear,Women's,Hawaii,West,4042,4,99.0,536,26689,34.599999999999994,0.7,8550.6
2021-02,Street Footwear,Women's,Idaho,West,6063,6,106.0,604,22462,43.62,1.24,8583.54
2021-02,Street Footwear,Women's,Indiana,Midwest,4042,4,57.0,375,11025,25.77,0.91,4632.75
2021-02,Street Footwear,Women's,Iowa,Midwest,4042,4,40.00000000000001,260,5200,14.6,0.73,1716.0
2021-02,Street Footwear,Women's,Kansas,Midwest,4042,4,59.0,284,8461,21.47,0.73,2760.73
2021-02,Street Footwear,Women's,Kentucky,Southeast,4042,4,38.00000000000001,599,11732,17.9,0.9500000000000001,5027.6
2021-02,Street Footwear,Women's,Louisiana,South,6063,6,97.0,681,22811,34.239999999999995,1.06,7501.219999999999
2021-02,Street Footwear,Women's,Maryland,Northeast,4042,4,57.0,344,10113,25.77,0.91,4250.13
2021-02,Street Footwear,Women's,Massachusetts,Northeast,6063,6,93.0,434,14192,38.75,1.25,5439.75
2021-02,Street Footwear,Women's,Michigan,Midwest,4042,4,39.0,488,9647,15.549999999999999,0.7999999999999999,3591.1499999999996
2021-02,Street Footwear,Women's,Mississippi,South,6063,6,40.00000000000001,656,9176,17.62,1.32,3868.32
2021-02,Street Footwear,Women's,Missouri,Midwest,4042,4,29.0,540,7985,11.549999999999999,0.7999999999999999,2955.75
2021-02,Street Footwear,Women's,Montana,Midwest,20210,20,438.0,2954,131883,224.10000000000002,5.130000000000001,62777.41
2021-02,Street Footwear,Women's,New Hampshire,Northeast,6063,6,117.0,441,18351,36.28,0.92,5171.24
2021-02,Street Footwear,Women's,New Jersey,Northeast,4042,4,59.0,315,9385,22.049999999999997,0.75,3098.25
2021-02,Street Footwear,Women's,New Mexico,West,6063,6,105.0,624,23208,43.98,1.26,8901.6
2021-02,Street Footwear,Women's,New York,Northeast,4042,4,59.0,693,20647,24.71,0.84,7807.03
2021-02,Street Footwear,Women's,North Carolina,Southeast,4042,4,48.00000000000001,683,16759,21.5,0.9,7067.0
2021-02,Street Footwear,Women's,North Dakota,Midwest,4042,4,39.00000000000001,256,5064,13.79,0.71,1636.24
2021-02,Street Footwear,Women's,Ohio,Midwest,4042,4,59.0,313,9327,27.37,0.93,3968.31
2021-02,Street Footwear,Women's,Oklahoma,South,6063,6,40.00000000000001,465,6540,16.4,1.23,2475.6
2021-02,Street Footwear,Women's,Oregon,West,6063,6,120.0,652,27408,53.94,1.3499999999999999,11688.239999999998
2021-02,Street Footwear,Women's,Rhode Island,Northeast,6063,6,83.0,330,9420,25.48,0.9199999999999999,2648.4
2021-02,Street Footwear,Women's,South Carolina,Southeast,4042,4,48.00000000000001,844,20762,22.650000000000002,0.9500000000000001,8887.85
2021-02,Street Footwear,Women's,South Dakota,Midwest,4042,4,49.00000000000001,293,7257,17.58,0.72,2372.94
2021-02,Street Footwear,Women's,Utah,West,6063,6,104.0,561,20612,40.56,1.17,7599.88
2021-02,Street Footwear,Women's,Vermont,Northeast,6063,6,110.0,486,18486,39.7,1.08,6156.24
2021-02,Street Footwear,Women's,Virginia,Southeast,6063,6,65.0,820,18840,23.509999999999998,1.0899999999999999,6273.9
2021-02,Street Footwear,Women's,West Virginia,Northeast,4042,4,49.00000000000001,221,5479,20.03,0.82,2050.13
2021-02,Street Footwear,Women's,Wisconsin,Midwest,4042,4,49.00000000000001,323,8002,20.75,0.85,3063.5
2021-02,Street Footwear,Women's,Wyoming,West,4042,4,79.0,438,17432,31.549999999999997,0.7999999999999999,6444.4
2021-03,Apparel,Men's,Alaska,West,4042,6,129.0,228,14767,41.21,0.64,4166.63
2021-03,Apparel,Men's,Arizona,West,6063,9,150.0,195,10148,51.76,1.03,3260.52
2021-03,Apparel,Men's,Arkansas,South,6063,9,91.0,403,12942,36.57,1.21,4864.1
2021-03,Apparel,Men's,California,West,18189,27,403.0,2162,101717,242.68000000000004,5.420000000000001,58555.04000000001
2021-03,Apparel,Men's,Connecticut,Northeast,6063,9,137.0,242,11439,47.46,1.04,3701.58
2021-03,Apparel,Men's,Delaware,Northeast,4042,6,96.0,224,11004,33.86,0.71,3549.14
2021-03,Apparel,Men's,Florida,Southeast,6063,9,170.0,279,16699,44.57,0.79,3847.12
2021-03,Apparel,Men's,Georgia,Southeast,6063,9,147.0,234,12084,60.03,1.23,4578.78
2021-03,Apparel,Men's,Hawaii,West,4042,6,115.0,161,9480,23.300000000000004,0.41000000000000003,1639.8000000000002
2021-03,Apparel,Men's,Idaho,West,6063,9,109.0,413,15591,39.849999999999994,1.0999999999999999,5234.349999999999
2021-03,Apparel,Men's,Indiana,Midwest,4042,6,67.0,219,7533,24.259999999999998,0.73,2442.94
2021-03,Apparel,Men's,Iowa,Midwest,4042,6,58.0,189,5592,32.92,1.1400000000000001,2948.88
2021-03,Apparel,Men's,Kansas,Midwest,4042,6,67.0,191,6562,26.97,0.8099999999999999,2441.0199999999995
2021-03,Apparel,Men's,Kentucky,Southeast,4042,6,107.0,194,10537,43.16766666666666,0.8099999999999999,3939.6299999999997
2021-03,Apparel,Men's,Louisiana,South,6063,9,156.0,239,13184,81.0,1.56,6380.4
2021-03,Apparel,Men's,Maryland,Northeast,4042,6,88.0,97,4321,31.99,0.73,1419.28
2021-03,Apparel,Men's,Massachusetts,Northeast,6063,9,132.0,160,7450,41.24,0.94,2105.06
2021-03,Apparel,Men's,Michigan,Midwest,4042,6,88.0,469,20917,40.36,0.9199999999999999,8851.84
2021-03,Apparel,Men's,Mississippi,South,6063,9,92.0,510,16567,36.22,1.18,6135.57
2021-03,Apparel,Men's,Missouri,Midwest,4042,6,86.0,325,14325,35.839999999999996,0.84,5444.25
2021-03,Apparel,Men's,Montana,Midwest,8084,12,214.0,1008,54746,142.42690000000002,2.6700000000000004,34481.22
2021-03,Apparel,Men's,New Hampshire,Northeast,6063,9,165.0,320,18300,59.61,1.0799999999999998,6096.599999999999
2021-03,Apparel,Men's,New Jersey,Northeast,4042,6,88.0,159,7087,32.849999999999994,0.75,2345.4
2021-03,Apparel,Men's,New Mexico,West,6063,9,156.0,281,15588,54.77,1.05,5098.81
2021-03,Apparel,Men's,New York,Northeast,4042,6,106.0,608,32908,44.24,0.84,12467.42
2021-03,Apparel,Men's,North Carolina,Southeast,4042,6,77.0,683,26846,30.65,0.7999999999999999,9980.699999999999
2021-03,Apparel,Men's,North Dakota,Midwest,4042,6,76.0,161,6296,32.0,0.85,2398.0
2021-03,Apparel,Men's,Ohio,Midwest,4042,6,77.0,488,19181,32.129999999999995,0.84,7298.6900000000005
2021-03,Apparel,Men's,Oklahoma,South,6063,9,95.0,285,9377,39.15,1.24,3592.89
2021-03,Apparel,Men's,Oregon,West,6063,9,152.0,156,8194,69.54,1.37,3511.7200000000003
2021-03,Apparel,Men's,Rhode Island,Northeast,6063,9,122.0,120,5080,45.18,1.1099999999999999,1705.5
2021-03,Apparel,Men's,South Carolina,Southeast,4042,6,86.0,806,35546,35.43,0.83,13405.83
2021-03,Apparel,Men's,South Dakota,Midwest,4042,6,97.0,156,7707,41.0,0.85,2916.0
2021-03,Apparel,Men's,Tennessee,South,18189,27,321.0,1452,54259,117.64999999999999,3.3,18456.96
2021-03,Apparel,Men's,Utah,West,6063,9,106.0,465,17370,44.2,1.25,6633.0
2021-03,Apparel,Men's,Vermont,Northeast,6063,9,142.0,278,14038,58.279999999999994,1.23,5329.5199999999995
2021-03,Apparel,Men's,Virginia,Southeast,6063,9,149.0,163,8449,66.58,1.34,3591.58
2021-03,Apparel,Men's,West Virginia,Northeast,4042,6,77.0,284,11183,34.5,0.9,4691.5
2021-03,Apparel,Men's,Wisconsin,Midwest,4042,6,59.0,159,4736,32.69,1.1099999999999999,2476.46
2021-03,Apparel,Men's,Wyoming,West,4042,6,97.0,576,28422,36.15,0.75,9414.9
2021-03,Apparel,Women's,Alaska,West,4042,6,108.0,347,18941,37.7,0.7,6063.9
2021-03,Apparel,Women's,Arizona,West,6063,9,134.0,520,24345,41.29,0.92,6785.83
2021-03,Apparel,Women's,Arkansas,South,6063,9,69.0,564,13438,31.44,1.37,5778.88
2021-03,Apparel,Women's,California,West,12126,18,233.0,2126,88174,58.0,1.5,19759.28
2021-03,Apparel,Women's,Connecticut,Northeast,6063,9,107.0,408,15239,43.93,1.23,5820.61
2021-03,Apparel,Women's,Delaware,Northeast,4042,6,79.0,347,13808,35.5,0.9,5804.0
2021-03,Apparel,Women's,Florida,Southeast,6063,9,162.0,607,34242,81.96000000000001,1.52,16352.76
2021-03,Apparel,Women's,Georgia,Southeast,6063,9,138.0,557,26540,41.379999999999995,0.8999999999999999,7315.799999999999
2021-03,Apparel,Women's,Hawaii,West,4042,6,105.0,410,22124,49.49876923076923,0.9500000000000001,9487.1
2021-03,Apparel,Women's,Idaho,West,6063,9,93.0,640,20928,52.2,1.6800000000000002,11131.2
2021-03,Apparel,Women's,Indiana,Midwest,4042,6,49.00000000000001,349,8651,22.48,0.92,3673.52
2021-03,Apparel,Women's,Iowa,Midwest,4042,6,40.0,318,6360,18.6,0.93,2720.8
2021-03,Apparel,Women's,Kansas,Midwest,4042,6,48.0,315,7745,20.25,0.85,2935.0
2021-03,Apparel,Women's,Kentucky,Southeast,4042,6,87.0,315,13980,39.42,0.91,5892.3
2021-03,Apparel,Women's,Louisiana,South,6063,9,115.0,554,22806,44.93,1.17,8434.82
2021-03,Apparel,Women's,Maryland,Northeast,4042,6,68.0,224,7742,25.35,0.75,2565.15
2021-03,Apparel,Women's,Massachusetts,Northeast,6063,9,110.0,322,12214,39.46,1.08,4043.42
2021-03,Apparel,Women's,Michigan,Midwest,4042,6,68.0,618,21344,42.019999999999996,1.2400000000000002,12399.86
2021-03,Apparel,Women's,Mississippi,South,6063,9,66.0,684,15889,36.56,1.6600000000000001,8391.22
2021-03,Apparel,Women's,Missouri,Midwest,4042,6,69.0,452,15718,39.6,1.15,8379.2
2021-03,Apparel,Women's,Montana,Midwest,8084,12,231.0,1238,73098,73.28,1.28,20315.24
2021-03,Apparel,Women's,New Hampshire,Northeast,6063,9,131.0,474,21939,52.33,1.2,8190.57
2021-03,Apparel,Women's,New Jersey,Northeast,4042,6,67.0,286,9827,30.0,0.9,4126.0
2021-03,Apparel,Women's,New Mexico,West,6063,9,149.0,604,31289,46.39,0.94,8805.09
2021-03,Apparel,Women's,New York,Northeast,4042,6,88.0,736,32798,48.3,1.1,17091.3
2021-03,Apparel,Women's,North Carolina,Southeast,4042,6,57.0,794,23313,31.74,1.12,12204.06
2021-03,Apparel,Women's,North Dakota,Midwest,4042,6,58.0,288,8514,26.560000000000002,0.92,3617.28
2021-03,Apparel,Women's,Ohio,Midwest,4042,6,58.0,603,17834,32.08,1.1099999999999999,9311.24
2021-03,Apparel,Women's,Oklahoma,South,6063,9,66.0,432,10046,30.7,1.4000000000000001,4335.62
2021-03,Apparel,Women's,Oregon,West,6063,9,139.0,477,22863,49.58,1.0699999999999998,7550.46
2021-03,Apparel,Women's,Rhode Island,Northeast,6063,9,92.0,284,9207,42.28,1.3800000000000001,3969.28
2021-03,Apparel,Women's,South Carolina,Southeast,4042,6,67.0,914,31423,37.66,1.13,16497.74
2021-03,Apparel,Women's,South Dakota,Midwest,4042,6,77.0,284,11183,35.61,0.93,4756.99
2021-03,Apparel,Women's,Tennessee,South,18189,27,280.0,2227,72753,161.61,5.2,39682.310000000005
2021-03,Apparel,Women's,Utah,West,6063,9,80.0,640,17840,45.53,1.71,9531.8
2021-03,Apparel,Women's,Vermont,Northeast,6063,9,115.0,451,18439,53.88999999999999,1.4099999999999997,8034.639999999999
2021-03,Apparel,Women's,Virginia,Southeast,6063,9,134.0,480,22392,48.18,1.08,7390.4400000000005
2021-03,Apparel,Women's,West Virginia,Northeast,4042,6,59.0,406,12099,27.66,0.9400000000000001,5168.46
2021-03,Apparel,Women's,Wisconsin,Midwest,4042,6,38.0,288,5634,17.72,0.9400000000000001,2412.36
2021-03,Apparel,Women's,Wyoming,West,4042,6,77.0,715,28105,23.689999999999998,0.62,7758.85
2021-03,Athletic Footwear,Men's,Alaska,West,4042,6,107.0,315,17130,45.25,0.8500000000000001,6502.500000000001
2021-03,Athletic Footwear,Men's,Arizona,West,6063,9,136.0,561,26468,63.12,1.3900000000000001,11447.52
2021-03,Athletic Footwear,Men's,Arkansas,South,6063,9,54.0,530,9958,21.18,1.17,3711.2599999999998
2021-03,Athletic Footwear,Men's,California,West,12126,18,240.0,2133,89538,73.43,1.84,25074.99
2021-03,Athletic Footwear,Men's,Connecticut,Northeast,6063,9,110.0,349,13304,50.92,1.3900000000000001,5728.32
2021-03,Athletic Footwear,Men's,Delaware,Northeast,4042,6,79.0,318,12652,31.549999999999997,0.7999999999999999,4693.4
2021-03,Athletic Footwear,Men's,Florida,Southeast,6063,9,162.0,624,35256,50.68,0.94,9895.36
2021-03,Athletic Footwear,Men's,Georgia,Southeast,6063,9,133.0,589,27577,60.660000000000004,1.37,11802.02
2021-03,Athletic Footwear,Men's,Hawaii,West,4042,6,109.0,441,24163,27.73942857142857,0.51,5373.14
2021-03,Athletic Footwear,Men's,Idaho,West,6063,9,103.0,982,36160,41.089999999999996,1.2,13528.279999999999
2021-03,Athletic Footwear,Men's,Indiana,Midwest,4042,6,48.00000000000001,286,7028,22.650000000000002,0.9500000000000001,3021.65
2021-03,Athletic Footwear,Men's,Iowa,Midwest,4042,6,39.0,222,4393,15.549999999999999,0.7999999999999999,1626.85
2021-03,Athletic Footwear,Men's,Kansas,Midwest,4042,6,39.0,284,5621,15.93,0.82,2101.87
2021-03,Athletic Footwear,Men's,Kentucky,Southeast,4042,6,86.0,284,12544,35.84,0.84,4729.0599999999995
2021-03,Athletic Footwear,Men's,Louisiana,South,6063,9,144.0,596,30336,66.77,1.3899999999999997,13089.449999999999
2021-03,Athletic Footwear,Men's,Maryland,Northeast,4042,6,69.0,189,6576,28.229999999999997,0.82,2460.72
2021-03,Athletic Footwear,Men's,Massachusetts,Northeast,6063,9,109.0,283,10677,39.64,1.0899999999999999,3546.64
2021-03,Athletic Footwear,Men's,Michigan,Midwest,4042,6,67.0,576,19782,31.28,0.94,8477.279999999999
2021-03,Athletic Footwear,Men's,Mississippi,South,6063,9,69.0,628,14960,27.83,1.21,5626.4
2021-03,Athletic Footwear,Men's,Missouri,Midwest,4042,6,69.0,387,13458,27.549999999999997,0.7999999999999999,5006.099999999999
2021-03,Athletic Footwear,Men's,Montana,Midwest,8084,12,154.0,1739,68218,58.18999999999999,1.54,23424.579999999998
2021-03,Athletic Footwear,Men's,New Hampshire,Northeast,6063,9,135.0,432,20299,61.55,1.37,8681.59
2021-03,Athletic Footwear,Men's,New Jersey,Northeast,4042,6,67.0,258,8856,27.93,0.84,3359.44
2021-03,Athletic Footwear,Men's,New Mexico,West,6063,9,142.0,648,32608,65.23,1.3800000000000001,14030.560000000001
2021-03,Athletic Footwear,Men's,New York,Northeast,4042,6,89.0,715,32010,35.989999999999995,0.8099999999999999,12002.1
2021-03,Athletic Footwear,Men's,North Carolina,Southeast,4042,6,59.0,750,22350,23.549999999999997,0.7999999999999999,8257.5
2021-03,Athletic Footwear,Men's,North Dakota,Midwest,4042,6,57.0,258,7566,20.34,0.72,2457.7200000000003
2021-03,Athletic Footwear,Men's,Ohio,Midwest,4042,6,57.0,576,16902,22.65,0.7999999999999999,6255.9
2021-03,Athletic Footwear,Men's,Oklahoma,South,6063,9,54.0,401,7557,22.27,1.24,2895.46
2021-03,Athletic Footwear,Men's,Oregon,West,6063,9,135.0,508,23995,55.5,1.24,9130.7
2021-03,Athletic Footwear,Men's,Rhode Island,Northeast,6063,9,96.0,239,7961,38.08,1.19,2984.5499999999997
2021-03,Athletic Footwear,Men's,South Carolina,Southeast,4042,6,67.0,910,31220,27.93,0.84,11867.8
2021-03,Athletic Footwear,Men's,South Dakota,Midwest,4042,6,77.0,250,9850,27.54,0.72,3177.0
2021-03,Athletic Footwear,Men's,Tennessee,South,18189,27,265.0,3087,95511,116.25,3.94,39218.65
2021-03,Athletic Footwear,Men's,Utah,West,6063,9,80.0,557,15666,33.3,1.25,6026.999999999999
2021-03,Athletic Footwear,Men's,Vermont,Northeast,6063,9,123.0,400,17070,62.19,1.52,8178.3
2021-03,Athletic Footwear,Men's,Virginia,Southeast,6063,9,130.0,508,23505,53.0,1.23,8891.55
2021-03,Athletic Footwear,Men's,West Virginia,Northeast,4042,6,57.0,344,10113,26.580000000000002,0.9400000000000001,4306.02
2021-03,Athletic Footwear,Men's,Wisconsin,Midwest,4042,6,39.0,219,4336,16.5,0.85,1643.0
2021-03,Athletic Footwear,Men's,Wyoming,West,4042,6,77.0,656,25847,28.279999999999998,0.74,8432.68
2021-03,Athletic Footwear,Women's,Alaska,West,4042,6,99.0,161,8013,31.118000000000002,0.63,2232.57
2021-03,Athletic Footwear,Women's,Arizona,West,6063,9,135.0,361,17030,53.17999999999999,1.18,6363.74
2021-03,Athletic Footwear,Women's,Arkansas,South,6063,9,54.0,330,6189,24.928000000000004,1.3900000000000001,2685.9
2021-03,Athletic Footwear,Women's,California,West,18189,27,361.0,2628,110659,146.4,3.6599999999999997,41951.71
2021-03,Athletic Footwear,Women's,Connecticut,Northeast,6063,9,94.0,164,5378,32.58,1.04,1746.96
2021-03,Athletic Footwear,Women's,Delaware,Northeast,4042,6,67.0,156,5367,30.96,0.93,2275.76
2021-03,Athletic Footwear,Women's,Florida,Southeast,6063,9,160.0,530,29566,57.059999999999995,1.0699999999999998,9742.56
2021-03,Athletic Footwear,Women's,Georgia,Southeast,6063,9,135.0,401,18895,61.54,1.37,8117.92
2021-03,Athletic Footwear,Women's,Hawaii,West,4042,6,107.0,344,18712,32.46909090909091,0.61,5072.68
2021-03,Athletic Footwear,Women's,Idaho,West,6063,9,94.0,567,18627,47.11000000000001,1.5,8890.84
2021-03,Athletic Footwear,Women's,Indiana,Midwest,4042,6,39.0,156,3088,15.547199999999998,0.7999999999999999,1139.6999999999998
2021-03,Athletic Footwear,Women's,Iowa,Midwest,4042,6,28.999999999999996,128,1891,10.376999999999999,0.72,614.3399999999999
2021-03,Athletic Footwear,Women's,Kansas,Midwest,4042,6,40.0,126,2519,16.5965,0.83,949.25
2021-03,Athletic Footwear,Women's,Kentucky,Southeast,4042,6,76.0,127,4972,34.72,0.92,2105.44
2021-03,Athletic Footwear,Women's,Louisiana,South,6063,9,148.0,480,24828,67.98999999999998,1.38,10685.039999999999
2021-03,Athletic Footwear,Women's,Maryland,Northeast,4042,6,59.0,32,953,23.84,0.8099999999999999,355.88
2021-03,Athletic Footwear,Women's,Massachusetts,Northeast,6063,9,94.0,480,15783,27.99,0.89,4340.88
2021-03,Athletic Footwear,Women's,Michigan,Midwest,4042,6,58.99999999999999,416,12388,24.418923076923075,0.83,4678.87
2021-03,Athletic Footwear,Women's,Mississippi,South,6063,9,54.0,440,8294,24.628545454545453,1.37,3563.75
2021-03,Athletic Footwear,Women's,Missouri,Midwest,4042,6,58.0,254,7512,26.28,0.91,3171.12
2021-03,Athletic Footwear,Women's,Montana,Midwest,12126,18,234.0,1797,70985,111.37,2.88,31375.94
2021-03,Athletic Footwear,Women's,New Hampshire,Northeast,6063,9,122.0,233,9906,44.188,1.0899999999999999,3276.39
2021-03,Athletic Footwear,Women's,New Jersey,Northeast,4042,6,57.0,97,2844,26.04,0.92,1208.88
2021-03,Athletic Footwear,Women's,New Mexico,West,6063,9,142.0,446,22531,56.67999999999999,1.2,8472.59
2021-03,Athletic Footwear,Women's,New York,Northeast,4042,6,79.0,531,21134,27.99,0.71,6794.94
2021-03,Athletic Footwear,Women's,North Carolina,Southeast,4042,6,49.99999999999999,599,14974,23.499157894736843,0.9400000000000001,6423.6
2021-03,Athletic Footwear,Women's,North Dakota,Midwest,4042,6,50.0,97,2424,17.996,0.72,793.1999999999999
2021-03,Athletic Footwear,Women's,Ohio,Midwest,4042,6,48.99999999999999,423,10476,22.47876923076923,0.92,4472.64
2021-03,Athletic Footwear,Women's,Oklahoma,South,6063,9,56.0,198,3803,25.5168,1.37,1632.88
2021-03,Athletic Footwear,Women's,Oregon,West,6063,9,138.0,390,18610,55.45,1.2,6986.05
2021-03,Athletic Footwear,Women's,Rhode Island,Northeast,6063,9,79.0,41,1142,35.9,1.37,491.2
2021-03,Athletic Footwear,Women's,South Carolina,Southeast,4042,6,56.99999999999999,719,21137,20.339478260869562,0.72,6807.66
2021-03,Athletic Footwear,Women's,South Dakota,Midwest,4042,6,68.0,98,3384,25.02,0.74,1121.46
2021-03,Athletic Footwear,Women's,Tennessee,South,18189,27,257.0,1876,55842,140.54,4.95,28734.18
2021-03,Athletic Footwear,Women's,Utah,West,6063,9,68.0,398,9429,30.590000000000003,1.35,4019.87
2021-03,Athletic Footwear,Women's,Vermont,Northeast,6063,9,106.0,202,7538,43.63999999999999,1.24,2888.3199999999997
2021-03,Athletic Footwear,Women's,Virginia,Southeast,6063,9,136.0,393,18584,54.39999999999999,1.2,6966.16
2021-03,Athletic Footwear,Women's,West Virginia,Northeast,4042,6,47.99999999999999,224,5501,22.187714285714286,0.93,2346.9100000000003
2021-03,Athletic Footwear,Women's,Wisconsin,Midwest,4042,6,28.999999999999996,95,1404,10.236,0.71,452.0
2021-03,Athletic Footwear,Women's,Wyoming,West,4042,6,68.0,512,17696,27.759999999999998,0.82,6637.12
2021-03,Street Footwear,Men's,Alaska,West,4042,6,108.0,698,38084,45.220000000000006,0.8400000000000001,14464.660000000002
2021-03,Street Footwear,Men's,Arizona,West,6063,9,106.0,805,30005,42.989999999999995,1.22,11377.55
2021-03,Street Footwear,Men's,Arkansas,South,6063,9,53.0,1032,19248,24.590000000000003,1.4000000000000001,8339.04
2021-03,Street Footwear,Men's,California,West,12126,18,188.0,2495,81868,85.46000000000001,2.73,35089.54
2021-03,Street Footwear,Men's,Connecticut,Northeast,6063,9,105.0,832,30602,46.68,1.33,12889.76
2021-03,Street Footwear,Men's,Delaware,Northeast,4042,6,76.0,703,27488,30.559999999999995,0.8099999999999999,10246.48
2021-03,Street Footwear,Men's,Florida,Southeast,6063,9,131.0,881,40845,45.76,1.0499999999999998,13302.5
2021-03,Street Footwear,Men's,Georgia,Southeast,6063,9,107.0,825,30959,47.400000000000006,1.33,13037.2
2021-03,Street Footwear,Men's,Hawaii,West,4042,6,89.0,635,28440,28.85,0.65,8001.0
2021-03,Street Footwear,Men's,Idaho,West,6063,9,79.0,981,27318,30.869999999999997,1.17,10082.1
2021-03,Street Footwear,Men's,Indiana,Midwest,4042,6,48.00000000000001,671,16473,21.73,0.91,6971.23
2021-03,Street Footwear,Men's,Iowa,Midwest,4042,6,39.0,606,11984,13.600000000000001,0.7,3853.6000000000004
2021-03,Street Footwear,Men's,Kansas,Midwest,4042,6,40.0,698,13960,16.799999999999997,0.84,5314.4
2021-03,Street Footwear,Men's,Kentucky,Southeast,4042,6,86.0,676,29796,38.91,0.91,12621.96
2021-03,Street Footwear,Men's,Louisiana,South,6063,9,118.0,851,35284,53.779999999999994,1.3699999999999999,15136.539999999999
2021-03,Street Footwear,Men's,Maryland,Northeast,4042,6,67.0,570,19575,30.96,0.93,8350.0
2021-03,Street Footwear,Men's,Massachusetts,Northeast,6063,9,106.0,752,27966,38.239999999999995,1.08,9239.04
2021-03,Street Footwear,Men's,Michigan,Midwest,4042,6,69.0,986,34294,38.24,1.1099999999999999,17954.84
2021-03,Street Footwear,Men's,Mississippi,South,6063,9,68.0,1130,26761,31.85,1.4100000000000001,11617.15
2021-03,Street Footwear,Men's,Missouri,Midwest,4042,6,69.0,806,28024,31.34,0.91,11905.24
2021-03,Street Footwear,Men's,Montana,Midwest,8084,12,124.0,1781,56191,59.21000000000001,1.86,24958.91
2021-03,Street Footwear,Men's,New Hampshire,Northeast,6063,9,138.0,923,43917,62.44,1.36,18815.22
2021-03,Street Footwear,Men's,New Jersey,Northeast,4042,6,67.0,639,21933,26.97,0.8099999999999999,8183.43
2021-03,Street Footwear,Men's,New Mexico,West,6063,9,119.0,902,37620,50.05,1.26,14592.6
2021-03,Street Footwear,Men's,New York,Northeast,4042,6,89.0,1122,50238,46.21000000000001,1.04,24159.420000000002
2021-03,Street Footwear,Men's,North Carolina,Southeast,4042,6,58.0,1196,35328,27.119999999999997,0.9400000000000001,15213.119999999999
2021-03,Street Footwear,Men's,North Dakota,Midwest,4042,6,59.0,629,18736,24.13,0.82,7023.92
2021-03,Street Footwear,Men's,Ohio,Midwest,4042,6,57.0,1001,29337,26.04,0.92,12483.24
2021-03,Street Footwear,Men's,Oklahoma,South,6063,9,53.0,906,16874,23.94,1.36,7195.08
2021-03,Street Footwear,Men's,Oregon,West,6063,9,106.0,746,27868,43.82,1.24,10634.96
2021-03,Street Footwear,Men's,Rhode Island,Northeast,6063,9,95.0,712,23405,38.870000000000005,1.22,8838.97
2021-03,Street Footwear,Men's,South Carolina,Southeast,4042,6,68.0,1285,44445,34.89,1.03,21137.1
2021-03,Street Footwear,Men's,South Dakota,Midwest,4042,6,79.0,619,24636,33.11,0.84,9299.64
2021-03,Street Footwear,Men's,Tennessee,South,18189,27,196.0,3128,72315,85.13,3.9099999999999997,29557.0
2021-03,Street Footwear,Men's,Utah,West,6063,9,79.0,1066,29532,35.68,1.35,12534.24
2021-03,Street Footwear,Men's,Vermont,Northeast,6063,9,124.0,872,37248,63.8,1.54,17957.8
2021-03,Street Footwear,Men's,Virginia,Southeast,6063,9,108.0,780,29294,43.26,1.2,11050.78
2021-03,Street Footwear,Men's,West Virginia,Northeast,4042,6,58.0,735,21720,26.28,0.91,9196.2
2021-03,Street Footwear,Men's,Wisconsin,Midwest,4042,6,39.0,611,12079,13.79,0.71,3918.39
2021-03,Street Footwear,Men's,Wyoming,West,4042,6,78.0,1066,42148,42.8,1.1,22008.8
2021-03,Street Footwear,Women's,Alaska,West,4042,6,86.0,344,15204,26.42,0.62,4140.48
2021-03,Street Footwear,Women's,Arizona,West,6063,9,136.0,560,26362,57.17,1.26,10159.73
2021-03,Street Footwear,Women's,Arkansas,South,6063,9,28.0,550,5276,13.0,1.3900000000000001,2278.4
2021-03,Street Footwear,Women's,California,West,18189,27,364.0,3213,135872,164.58,4.07,57827.98
2021-03,Street Footwear,Women's,Connecticut,Northeast,6063,9,82.0,393,11197,29.409999999999997,1.0699999999999998,3689.3999999999996
2021-03,Street Footwear,Women's,Delaware,Northeast,4042,6,59.0,344,10251,27.66,0.9400000000000001,4380.54
2021-03,Street Footwear,Women's,Florida,Southeast,6063,9,171.0,689,41412,59.90929411764706,1.05,13445.71
2021-03,Street Footwear,Women's,Georgia,Southeast,6063,9,138.0,612,29123,56.33,1.22,11113.31
2021-03,Street Footwear,Women's,Hawaii,West,4042,6,116.99999999999999,476,28256,37.22933333333333,0.64,7869.98
2021-03,Street Footwear,Women's,Idaho,West,6063,9,78.0,698,19364,31.82,1.22,7301.36
2021-03,Street Footwear,Women's,Indiana,Midwest,4042,6,29.0,347,5133,12.25,0.85,1947.75
2021-03,Street Footwear,Women's,Iowa,Midwest,4042,6,19.000000000000004,290,2835,6.6,0.7,909.0
2021-03,Street Footwear,Women's,Kansas,Midwest,4042,6,19.0,325,3175,7.64,0.8099999999999999,1185.5
2021-03,Street Footwear,Women's,Kentucky,Southeast,4042,6,69.0,323,11232,31.0,0.9,4741.0
2021-03,Street Footwear,Women's,Louisiana,South,6063,9,155.0,636,35176,72.35,1.4,15278.8
2021-03,Street Footwear,Women's,Maryland,Northeast,4042,6,49.00000000000001,228,5647,20.509999999999998,0.84,2154.5299999999997
2021-03,Street Footwear,Women's,Massachusetts,Northeast,6063,9,81.0,310,8780,25.78,0.96,2487.6
2021-03,Street Footwear,Women's,Michigan,Midwest,4042,6,50.0,599,14975,17.5,0.7,4802.5
2021-03,Street Footwear,Women's,Mississippi,South,6063,9,40.0,689,9663,18.59,1.4000000000000001,4202.88
2021-03,Street Footwear,Women's,Missouri,Midwest,4042,6,48.00000000000001,445,10935,19.33,0.8099999999999999,4067.6
2021-03,Street Footwear,Women's,Montana,Midwest,8084,12,144.0,1238,45471,68.1,1.8499999999999999,19799.85
2021-03,Street Footwear,Women's,New Hampshire,Northeast,6063,9,110.0,480,18210,38.46,1.0499999999999998,5910.9
2021-03,Street Footwear,Women's,New Jersey,Northeast,4042,6,49.00000000000001,284,7041,22.72,0.93,3000.48
2021-03,Street Footwear,Women's,New Mexico,West,6063,9,151.0,636,33280,61.449999999999996,1.22,12627.039999999999
2021-03,Street Footwear,Women's,New York,Northeast,4042,6,68.0,736,25438,20.63,0.61,6943.93
2021-03,Street Footwear,Women's,North Carolina,Southeast,4042,6,39.0,806,15939,17.88,0.92,6788.28
2021-03,Street Footwear,Women's,North Dakota,Midwest,4042,6,39.0,281,5564,13.98,0.72,1796.88
2021-03,Street Footwear,Women's,Ohio,Midwest,4042,6,40.0,599,11980,18.6,0.93,5114.4
2021-03,Street Footwear,Women's,Oklahoma,South,6063,9,26.0,438,4051,11.65,1.35,1721.45
2021-03,Street Footwear,Women's,Oregon,West,6063,9,150.0,550,28593,59.129,1.18,10620.509999999998
2021-03,Street Footwear,Women's,Rhode Island,Northeast,6063,9,65.0,282,6500,29.950000000000003,1.3900000000000001,2807.4
2021-03,Street Footwear,Women's,South Carolina,Southeast,4042,6,49.0,906,22469,15.370000000000001,0.63,6181.97
2021-03,Street Footwear,Women's,South Dakota,Midwest,4042,6,57.0,284,8343,20.34,0.72,2694.06
2021-03,Street Footwear,Women's,Tennessee,South,18189,27,224.0,2282,59362,98.48919999999998,3.9899999999999998,24354.53
2021-03,Street Footwear,Women's,Utah,West,6063,9,54.00000000000001,652,12256,22.24,1.24,4681.6
2021-03,Street Footwear,Women's,Vermont,Northeast,6063,9,92.0,437,14198,37.65,1.22,5394.47
2021-03,Street Footwear,Women's,Virginia,Southeast,6063,9,150.0,553,28797,61.839,1.24,10983.07
2021-03,Street Footwear,Women's,West Virginia,Northeast,4042,6,39.0,416,8229,18.26,0.9400000000000001,3533.66
2021-03,Street Footwear,Women's,Wisconsin,Midwest,4042,6,19.000000000000004,284,2781,6.960000000000001,0.74,908.64
2021-03,Street Footwear,Women's,Wyoming,West,4042,6,57.0,699,20523,22.65,0.7999999999999999,7585.35
2021-04,Apparel,Men's,Alaska,West,4042,8,116.0,191,11296,35.72,0.62,3099.52
2021-04,Apparel,Men's,Arizona,West,6063,12,148.0,236,12221,52.12,1.06,3981.14
2021-04,Apparel,Men's,Arkansas,South,6063,12,108.0,398,15026,43.230000000000004,1.2,5656.73
2021-04,Apparel,Men's,California,West,24252,48,538.0,3317,155724,324.8,7.260000000000001,89922.82
2021-04,Apparel,Men's,Connecticut,Northeast,6063,12,133.0,200,9340,48.279999999999994,1.0899999999999999,3102.7
2021-04,Apparel,Men's,Delaware,Northeast,4042,8,97.0,195,9615,36.15,0.75,3201.75
2021-04,Apparel,Men's,Florida,Southeast,6063,12,166.0,318,18242,42.989999999999995,0.77,4218.099999999999
2021-04,Apparel,Men's,Georgia,Southeast,6063,12,145.0,284,14509,60.169999999999995,1.25,5585.389999999999
2021-04,Apparel,Men's,Hawaii,West,4042,8,107.0,192,10434,22.29,0.42000000000000004,1827.18
2021-04,Apparel,Men's,Idaho,West,6063,12,96.0,438,14530,33.76,1.05,4726.38
2021-04,Apparel,Men's,Indiana,Midwest,4042,8,126.0,195,12495,46.34,0.74,4132.8
2021-04,Apparel,Men's,Iowa,Midwest,4042,8,115.0,159,9370,63.550000000000004,1.1099999999999999,4890.7
2021-04,Apparel,Men's,Kansas,Midwest,4042,8,79.0,188,7482,33.11,0.84,2826.18
2021-04,Apparel,Men's,Kentucky,Southeast,4042,8,97.0,160,7895,40.53,0.84,2993.55
2021-04,Apparel,Men's,Louisiana,South,6063,12,122.00000000000001,284,12058,62.10000000000001,1.53,5813.82
2021-04,Apparel,Men's,Maryland,Northeast,4042,8,86.0,65,2865,31.95,0.75,951.75
2021-04,Apparel,Men's,Massachusetts,Northeast,6063,12,132.0,202,9319,40.03,0.9,2569.0
2021-04,Apparel,Men's,Michigan,Midwest,4042,8,95.0,520,25400,42.5,0.8999999999999999,10700.0
2021-04,Apparel,Men's,Mississippi,South,6063,12,108.0,504,19018,44.24,1.23,7203.4400000000005
2021-04,Apparel,Men's,Missouri,Midwest,4042,8,76.0,290,11340,30.2,0.7999999999999999,4203.0
2021-04,Apparel,Men's,New Hampshire,Northeast,6063,12,157.0,289,15961,56.849999999999994,1.0799999999999998,5314.65
2021-04,Apparel,Men's,New Jersey,Northeast,4042,8,89.0,127,5688,32.86,0.74,1872.72
2021-04,Apparel,Men's,New Mexico,West,6063,12,162.0,318,18008,57.059999999999995,1.06,5897.679999999999
2021-04,Apparel,Men's,New York,Northeast,4042,8,105.0,599,32325,42.75,0.82,12057.75
2021-04,Apparel,Men's,North Carolina,Southeast,4042,8,87.0,656,29127,36.75,0.85,11019.75
2021-04,Apparel,Men's,North Dakota,Midwest,4042,8,118.0,130,7740,48.839999999999996,0.83,2935.2
2021-04,Apparel,Men's,Ohio,Midwest,4042,8,87.0,476,21117,35.489999999999995,0.82,7899.99
2021-04,Apparel,Men's,Oklahoma,South,6063,12,105.0,282,10472,43.53,1.24,4025.62
2021-04,Apparel,Men's,Oregon,West,6063,12,134.0,200,9382,59.120000000000005,1.32,3953.6800000000003
2021-04,Apparel,Men's,Rhode Island,Northeast,6063,12,122.0,80,3405,41.660000000000004,1.02,1097.4
2021-04,Apparel,Men's,South Carolina,Southeast,4042,8,97.0,813,40086,41.0,0.85,15355.5
2021-04,Apparel,Men's,South Dakota,Midwest,4042,8,116.0,129,7624,46.76,0.8099999999999999,2847.04
2021-04,Apparel,Men's,Tennessee,South,30315,60,570.0,3595,147637,245.52,6.41,59807.76
2021-04,Apparel,Men's,Utah,West,6063,12,92.0,437,14179,36.79,1.2,5315.75
2021-04,Apparel,Men's,Vermont,Northeast,6063,12,147.0,241,12361,59.92999999999999,1.23,4691.639999999999
2021-04,Apparel,Men's,Virginia,Southeast,6063,12,139.0,200,9565,61.790000000000006,1.33,4046.65
2021-04,Apparel,Men's,West Virginia,Northeast,4042,8,125.0,256,16360,59.00000000000001,0.9500000000000001,7048.0
2021-04,Apparel,Men's,Wisconsin,Midwest,4042,8,115.0,126,7430,64.1,1.12,3886.6
2021-04,Apparel,Men's,Wyoming,West,4042,8,97.0,531,26232,34.74,0.72,8467.44
2021-04,Apparel,Women's,Alaska,West,4042,8,99.0,384,19116,36.56,0.74,6311.04
2021-04,Apparel,Women's,Arizona,West,6063,12,186.0,530,34487,56.32,0.9099999999999999,9586.48
2021-04,Apparel,Women's,Arkansas,South,6063,12,82.0,636,18128,36.84,1.35,7723.68
2021-04,Apparel,Women's,California,West,30315,60,815.0,5382,308365,204.52,3.77,69668.1
2021-04,Apparel,Women's,Connecticut,Northeast,6063,12,102.0,438,15928,42.92,1.27,6118.48
2021-04,Apparel,Women's,Delaware,Northeast,4042,8,78.0,378,14964,36.52,0.9400000000000001,6400.56
2021-04,Apparel,Women's,Florida,Southeast,6063,12,204.0,597,42414,105.45,1.5499999999999998,20585.55
2021-04,Apparel,Women's,Georgia,Southeast,6063,12,189.0,567,37387,58.38,0.93,10527.16
2021-04,Apparel,Women's,Hawaii,West,4042,8,136.0,419,28954,61.0,0.9,12202.0
2021-04,Apparel,Women's,Idaho,West,6063,12,81.0,864,24412,45.19,1.6800000000000002,12914.4
2021-04,Apparel,Women's,Indiana,Midwest,4042,8,97.0,347,17134,45.85,0.9500000000000001,7361.2
2021-04,Apparel,Women's,Iowa,Midwest,4042,8,96.0,313,15398,43.92,0.92,6506.96
2021-04,Apparel,Women's,Kansas,Midwest,4042,8,59.0,381,11349,24.71,0.84,4301.01
2021-04,Apparel,Women's,Kentucky,Southeast,4042,8,76.0,325,12700,34.0,0.9,5350.0
2021-04,Apparel,Women's,Louisiana,South,6063,12,154.0,578,31572,62.92999999999999,1.22,12012.39
2021-04,Apparel,Women's,Maryland,Northeast,4042,8,67.0,252,8664,24.58,0.74,2832.16
2021-04,Apparel,Women's,Massachusetts,Northeast,6063,12,109.0,452,17057,39.96,1.1,5739.48
2021-04,Apparel,Women's,Michigan,Midwest,4042,8,77.0,677,26624,47.53,1.2400000000000002,15430.560000000001
2021-04,Apparel,Women's,Mississippi,South,6063,12,80.0,746,20956,43.74,1.6400000000000001,10956.94
2021-04,Apparel,Women's,Missouri,Midwest,4042,8,58.0,455,13440,32.08,1.1099999999999999,7043.4
2021-04,Apparel,Women's,New Hampshire,Northeast,6063,12,129.0,524,24091,50.87,1.18,8994.39
2021-04,Apparel,Women's,New Jersey,Northeast,4042,8,68.0,318,10994,31.82,0.9400000000000001,4711.76
2021-04,Apparel,Women's,New Mexico,West,6063,12,200.0,592,41590,60.650000000000006,0.91,11498.35
2021-04,Apparel,Women's,New York,Northeast,4042,8,86.0,756,33396,49.150000000000006,1.15,17657.4
2021-04,Apparel,Women's,North Carolina,Southeast,4042,8,67.0,864,29673,37.019999999999996,1.1099999999999999,15501.779999999999
2021-04,Apparel,Women's,North Dakota,Midwest,4042,8,99.0,293,14582,45.97,0.93,6265.96
2021-04,Apparel,Women's,Ohio,Midwest,4042,8,69.0,662,23033,39.6,1.15,12215.2
2021-04,Apparel,Women's,Oklahoma,South,6063,12,80.0,530,14824,36.86,1.3800000000000001,6397.66
2021-04,Apparel,Women's,Oregon,West,6063,12,173.0,474,28866,62.709999999999994,1.0899999999999999,9579.6
2021-04,Apparel,Women's,Rhode Island,Northeast,6063,12,94.0,310,10210,42.6,1.36,4344.4
2021-04,Apparel,Women's,South Carolina,Southeast,4042,8,79.0,984,39151,44.57,1.13,20635.13
2021-04,Apparel,Women's,South Dakota,Midwest,4042,8,98.0,286,14178,45.44,0.93,6051.84
2021-04,Apparel,Women's,Tennessee,South,30315,60,605.0,6055,261533,378.3684451410659,9.340000000000002,156797.39
2021-04,Apparel,Women's,Utah,West,6063,12,69.0,648,15408,37.3,1.62,8027.2
2021-04,Apparel,Women's,Vermont,Northeast,6063,12,125.0,480,20700,56.28,1.3499999999999999,8845.2
2021-04,Apparel,Women's,Virginia,Southeast,6063,12,176.0,468,28722,64.58,1.1,9569.28
2021-04,Apparel,Women's,West Virginia,Northeast,4042,8,97.0,419,20668,43.97,0.91,8753.18
2021-04,Apparel,Women's,Wisconsin,Midwest,4042,8,99.0,286,14239,46.95,0.9500000000000001,6143.95
2021-04,Apparel,Women's,Wyoming,West,4042,8,76.0,699,27364,22.6,0.6,7377.4
2021-04,Athletic Footwear,Men's,Alaska,West,4042,8,105.0,286,15425,44.25,0.8500000000000001,5856.25
2021-04,Athletic Footwear,Men's,Arizona,West,6063,12,145.0,480,24600,64.78,1.34,10450.2
2021-04,Athletic Footwear,Men's,Arkansas,South,6063,12,69.0,483,11484,28.509999999999998,1.24,4393.5599999999995
2021-04,Athletic Footwear,Men's,California,West,24252,48,529.0,4494,208691,159.31,3.62,57614.68
2021-04,Athletic Footwear,Men's,Connecticut,Northeast,6063,12,108.0,322,12124,50.1,1.3900000000000001,5257.0
2021-04,Athletic Footwear,Men's,Delaware,Northeast,4042,8,78.0,286,11318,31.86,0.82,4239.46
2021-04,Athletic Footwear,Men's,Florida,Southeast,6063,12,187.0,553,36323,54.37,0.87,9834.65
2021-04,Athletic Footwear,Men's,Georgia,Southeast,6063,12,146.0,524,26803,64.3,1.32,11258.8
2021-04,Athletic Footwear,Men's,Hawaii,West,4042,8,126.0,381,24441,34.349999999999994,0.55,5629.35
2021-04,Athletic Footwear,Men's,Idaho,West,6063,12,80.0,1060,29670,32.61,1.22,11300.25
2021-04,Athletic Footwear,Men's,Indiana,Midwest,4042,8,48.00000000000001,254,6242,21.96,0.92,2645.84
2021-04,Athletic Footwear,Men's,Iowa,Midwest,4042,8,38.0,224,4382,15.82,0.84,1657.18
2021-04,Athletic Footwear,Men's,Kansas,Midwest,4042,8,50.0,258,6450,20.75,0.83,2446.0
2021-04,Athletic Footwear,Men's,Kentucky,Southeast,4042,8,86.0,224,9884,35.43,0.83,3720.5699999999997
2021-04,Athletic Footwear,Men's,Louisiana,South,6063,12,143.0,520,26303,64.56,1.3599999999999999,11209.919999999998
2021-04,Athletic Footwear,Men's,Maryland,Northeast,4042,8,67.0,156,5367,27.29,0.82,1997.49
2021-04,Athletic Footwear,Men's,Massachusetts,Northeast,6063,12,105.0,246,9093,38.36,1.1,3046.68
2021-04,Athletic Footwear,Men's,Michigan,Midwest,4042,8,78.0,536,21218,36.14,0.9299999999999999,9035.539999999999
2021-04,Athletic Footwear,Men's,Mississippi,South,6063,12,68.0,600,14202,28.25,1.25,5462.75
2021-04,Athletic Footwear,Men's,Missouri,Midwest,4042,8,57.0,347,10194,23.729999999999997,0.84,3840.06
2021-04,Athletic Footwear,Men's,New Hampshire,Northeast,6063,12,137.0,403,19062,62.910000000000004,1.37,8189.200000000001
2021-04,Athletic Footwear,Men's,New Jersey,Northeast,4042,8,68.0,226,7808,27.43,0.8099999999999999,2917.93
2021-04,Athletic Footwear,Men's,New Mexico,West,6063,12,162.0,557,31469,73.28,1.36,13447.02
2021-04,Athletic Footwear,Men's,New York,Northeast,4042,8,88.0,672,29946,35.099999999999994,0.7999999999999999,11113.2
2021-04,Athletic Footwear,Men's,North Carolina,Southeast,4042,8,58.0,730,21590,23.66,0.82,8077.3
2021-04,Athletic Footwear,Men's,North Dakota,Midwest,4042,8,58.0,194,5732,21.04,0.73,1879.76
2021-04,Athletic Footwear,Men's,Ohio,Midwest,4042,8,58.0,536,15858,24.22,0.84,5985.42
2021-04,Athletic Footwear,Men's,Oklahoma,South,6063,12,66.0,369,8542,26.81,1.22,3240.93
2021-04,Athletic Footwear,Men's,Oregon,West,6063,12,153.0,446,24414,63.449999999999996,1.25,9378.3
2021-04,Athletic Footwear,Men's,Rhode Island,Northeast,6063,12,90.0,198,6351,37.45,1.25,2427.25
2021-04,Athletic Footwear,Men's,South Carolina,Southeast,4042,8,69.0,857,29813,27.889999999999997,0.8099999999999999,11115.23
2021-04,Athletic Footwear,Men's,South Dakota,Midwest,4042,8,79.0,192,7638,27.99,0.71,2471.58
2021-04,Athletic Footwear,Men's,Tennessee,South,30315,60,588.0,6006,246859,289.13,7.3,114375.48999999999
2021-04,Athletic Footwear,Men's,Utah,West,6063,12,70.0,530,12695,27.4,1.17,4722.65
2021-04,Athletic Footwear,Men's,Vermont,Northeast,6063,12,123.0,349,14913,61.64,1.5,7071.49
2021-04,Athletic Footwear,Men's,Virginia,Southeast,6063,12,163.0,429,24311,67.36,1.24,9262.48
2021-04,Athletic Footwear,Men's,West Virginia,Northeast,4042,8,58.0,325,9600,27.4,0.9500000000000001,4155.0
2021-04,Athletic Footwear,Men's,Wisconsin,Midwest,4042,8,40.0,189,3780,16.2,0.8099999999999999,1408.8
2021-04,Athletic Footwear,Men's,Wyoming,West,4042,8,79.0,640,25460,29.549999999999997,0.75,8457.0
2021-04,Athletic Footwear,Women's,Alaska,West,4042,8,97.0,194,9567,29.888333333333335,0.62,2639.91
2021-04,Athletic Footwear,Women's,Arizona,West,6063,12,136.0,403,19070,56.5,1.25,7348.0
2021-04,Athletic Footwear,Women's,Arkansas,South,6063,12,53.0,365,6760,24.708222222222226,1.4000000000000001,2937.8700000000003
2021-04,Athletic Footwear,Women's,California,West,24252,48,477.0,3808,159168,193.75,4.859999999999999,60333.46
2021-04,Athletic Footwear,Women's,Connecticut,Northeast,6063,12,93.0,204,6657,33.22,1.0699999999999998,2200.8199999999997
2021-04,Athletic Footwear,Women's,Delaware,Northeast,4042,8,67.0,194,6658,30.32,0.91,2818.08
2021-04,Athletic Footwear,Women's,Florida,Southeast,6063,12,148.0,474,24558,54.25,1.0999999999999999,8207.1
2021-04,Athletic Footwear,Women's,Georgia,Southeast,6063,12,138.0,440,20902,64.4,1.4000000000000001,9049.6
2021-04,Athletic Footwear,Women's,Hawaii,West,4042,8,98.0,323,16004,29.299999999999997,0.6,4351.4
2021-04,Athletic Footwear,Women's,Idaho,West,6063,12,79.0,604,16847,39.25,1.49,8001.65
2021-04,Athletic Footwear,Women's,Indiana,Midwest,4042,8,39.0,161,3183,16.117199999999997,0.83,1202.97
2021-04,Athletic Footwear,Women's,Iowa,Midwest,4042,8,29.999999999999996,128,1919,11.247,0.75,638.6999999999999
2021-04,Athletic Footwear,Women's,Kansas,Midwest,4042,8,39.0,160,3164,15.547199999999998,0.7999999999999999,1173.8999999999999
2021-04,Athletic Footwear,Women's,Kentucky,Southeast,4042,8,87.0,129,5718,39.0,0.9,2409.0
2021-04,Athletic Footwear,Women's,Louisiana,South,6063,12,106.0,440,16343,48.82,1.38,7035.23
2021-04,Athletic Footwear,Women's,Maryland,Northeast,4042,8,57.0,63,1851,23.189999999999998,0.82,689.97
2021-04,Athletic Footwear,Women's,Massachusetts,Northeast,6063,12,90.0,199,6392,27.67,0.92,1781.71
2021-04,Athletic Footwear,Women's,Michigan,Midwest,4042,8,67.0,484,16613,26.97,0.8099999999999999,6198.23
2021-04,Athletic Footwear,Women's,Mississippi,South,6063,12,55.0,471,8960,24.758666666666667,1.35,3801.08
2021-04,Athletic Footwear,Women's,Missouri,Midwest,4042,8,48.0,252,6196,21.96,0.92,2621.92
2021-04,Athletic Footwear,Women's,New Hampshire,Northeast,6063,12,124.0,277,11885,42.738285714285716,1.03,3839.7599999999998
2021-04,Athletic Footwear,Women's,New Jersey,Northeast,4042,8,57.0,127,3729,25.770000000000003,0.91,1571.79
2021-04,Athletic Footwear,Women's,New Mexico,West,6063,12,146.0,483,24750,58.519999999999996,1.2,9321.36
2021-04,Athletic Footwear,Women's,New York,Northeast,4042,8,77.0,585,22995,27.169999999999998,0.71,7447.95
2021-04,Athletic Footwear,Women's,North Carolina,Southeast,4042,8,48.99999999999999,640,15859,22.959200000000003,0.9400000000000001,6814.0
2021-04,Athletic Footwear,Women's,North Dakota,Midwest,4042,8,49.0,97,2402,17.816,0.73,789.2399999999999
2021-04,Athletic Footwear,Women's,Ohio,Midwest,4042,8,48.99999999999999,452,11197,21.998857142857144,0.9,4723.6
2021-04,Athletic Footwear,Women's,Oklahoma,South,6063,12,53.0,242,4514,23.987333333333336,1.36,1932.0500000000002
2021-04,Athletic Footwear,Women's,Oregon,West,6063,12,120.0,358,15088,48.83,1.22,5715.85
2021-04,Athletic Footwear,Women's,Rhode Island,Northeast,6063,12,80.0,80,2234,36.82,1.3800000000000001,960.46
2021-04,Athletic Footwear,Women's,South Carolina,Southeast,4042,8,56.99999999999999,780,22859,20.6095,0.73,7489.5
2021-04,Athletic Footwear,Women's,South Dakota,Midwest,4042,8,69.0,95,3305,25.119999999999997,0.73,1079.9
2021-04,Athletic Footwear,Women's,Tennessee,South,30315,60,558.0,4156,159283,328.52862500000003,8.770000000000001,89072.53000000001
2021-04,Athletic Footwear,Women's,Utah,West,6063,12,52.0,395,7310,23.84,1.3800000000000001,3140.3
2021-04,Athletic Footwear,Women's,Vermont,Northeast,6063,12,106.0,244,9084,44.0,1.25,3492.0
2021-04,Athletic Footwear,Women's,Virginia,Southeast,6063,12,119.0,349,14653,48.93,1.24,5563.11
2021-04,Athletic Footwear,Women's,West Virginia,Northeast,4042,8,49.99999999999999,222,5549,22.997714285714288,0.92,2360.6000000000004
2021-04,Athletic Footwear,Women's,Wisconsin,Midwest,4042,8,29.999999999999996,97,1454,10.645999999999999,0.71,472.5
2021-04,Athletic Footwear,Women's,Wyoming,West,4042,8,68.0,544,18802,27.759999999999998,0.82,7051.94
2021-04,Street Footwear,Men's,Alaska,West,4042,8,109.0,656,35949,44.09,0.81,13360.29
2021-04,Street Footwear,Men's,Arizona,West,6063,12,138.0,805,38240,54.3,1.18,14218.0
2021-04,Street Footwear,Men's,Arkansas,South,6063,12,67.0,978,22878,30.97,1.3900000000000001,9905.28
2021-04,Street Footwear,Men's,California,West,24252,48,478.0,5476,230346,219.17000000000002,5.5200000000000005,99074.2
2021-04,Street Footwear,Men's,Connecticut,Northeast,6063,12,104.0,805,29740,46.88,1.36,12696.4
2021-04,Street Footwear,Men's,Delaware,Northeast,4042,8,76.0,656,25716,32.0,0.85,9708.0
2021-04,Street Footwear,Men's,Florida,Southeast,6063,12,174.0,859,52343,62.459999999999994,1.08,17211.84
2021-04,Street Footwear,Men's,Georgia,Southeast,6063,12,132.0,846,39263,58.86,1.34,16606.79
2021-04,Street Footwear,Men's,Hawaii,West,4042,8,119.0,630,37670,36.239999999999995,0.61,10261.2
2021-04,Street Footwear,Men's,Idaho,West,6063,12,54.0,1060,19930,22.23,1.24,7645.85
2021-04,Street Footwear,Men's,Indiana,Midwest,4042,8,48.00000000000001,625,15375,22.650000000000002,0.9500000000000001,6581.25
2021-04,Street Footwear,Men's,Iowa,Midwest,4042,8,40.0,599,11980,15.0,0.75,3966.0
2021-04,Street Footwear,Men's,Kansas,Midwest,4042,8,49.0,650,16100,19.549999999999997,0.7999999999999999,5995.0
2021-04,Street Footwear,Men's,Kentucky,Southeast,4042,8,86.0,594,26254,40.55,0.9500000000000001,11233.45
2021-04,Street Footwear,Men's,Louisiana,South,6063,12,136.0,835,39450,62.82,1.39,17044.8
2021-04,Street Footwear,Men's,Maryland,Northeast,4042,8,68.0,553,19099,30.830000000000002,0.91,8104.24
2021-04,Street Footwear,Men's,Massachusetts,Northeast,6063,12,106.0,716,26618,38.339999999999996,1.0799999999999998,8777.46
2021-04,Street Footwear,Men's,Michigan,Midwest,4042,8,67.0,906,31167,36.7,1.1,16162.7
2021-04,Street Footwear,Men's,Mississippi,South,6063,12,67.0,1067,24999,30.78,1.3800000000000001,10713.26
2021-04,Street Footwear,Men's,Missouri,Midwest,4042,8,68.0,719,24877,31.16,0.92,10521.04
2021-04,Street Footwear,Men's,New Hampshire,Northeast,6063,12,131.0,891,41063,59.300000000000004,1.35,17509.58
2021-04,Street Footwear,Men's,New Jersey,Northeast,4042,8,69.0,608,21147,29.25,0.85,8079.75
2021-04,Street Footwear,Men's,New Mexico,West,6063,12,147.0,869,44869,59.42,1.22,16963.1
2021-04,Street Footwear,Men's,New York,Northeast,4042,8,87.0,1073,47541,43.77,1.01,22539.21
2021-04,Street Footwear,Men's,North Carolina,Southeast,4042,8,57.0,1138,33351,26.580000000000002,0.9400000000000001,14334.54
2021-04,Street Footwear,Men's,North Dakota,Midwest,4042,8,58.0,563,16664,24.22,0.84,6275.36
2021-04,Street Footwear,Men's,Ohio,Midwest,4042,8,58.0,943,27854,27.400000000000002,0.9500000000000001,12057.2
2021-04,Street Footwear,Men's,Oklahoma,South,6063,12,69.0,861,20453,31.92,1.3900000000000001,8876.24
2021-04,Street Footwear,Men's,Oregon,West,6063,12,150.0,765,39753,59.87,1.2,14901.349999999999
2021-04,Street Footwear,Men's,Rhode Island,Northeast,6063,12,95.0,668,22123,39.69,1.26,8499.05
2021-04,Street Footwear,Men's,South Carolina,Southeast,4042,8,68.0,1258,43464,34.56,1.02,20679.48
2021-04,Street Footwear,Men's,South Dakota,Midwest,4042,8,78.0,563,22294,31.479999999999997,0.8099999999999999,8275.24
2021-04,Street Footwear,Men's,Tennessee,South,30315,60,504.0,6028,213305,249.24944827586205,7.329999999999999,99268.60999999999
2021-04,Street Footwear,Men's,Utah,West,6063,12,77.0,1000,27517,34.7,1.36,11728.3
2021-04,Street Footwear,Men's,Vermont,Northeast,6063,12,116.0,830,34282,58.81,1.53,16397.57
2021-04,Street Footwear,Men's,Virginia,Southeast,6063,12,145.0,746,38159,58.27,1.2,14305.61
2021-04,Street Footwear,Men's,West Virginia,Northeast,4042,8,57.0,693,20361,25.770000000000003,0.91,8569.11
2021-04,Street Footwear,Men's,Wisconsin,Midwest,4042,8,38.0,572,11196,13.379999999999999,0.71,3600.3599999999997
2021-04,Street Footwear,Men's,Wyoming,West,4042,8,79.0,1008,40112,44.18,1.12,21029.44
2021-04,Street Footwear,Women's,Alaska,West,4042,8,89.0,286,12809,28.85,0.65,3604.8500000000004
2021-04,Street Footwear,Women's,Arizona,West,6063,12,147.0,575,29516,59.79,1.22,11198.92
2021-04,Street Footwear,Women's,Arkansas,South,6063,12,40.0,471,6606,18.450000000000003,1.3900000000000001,2842.32
2021-04,Street Footwear,Women's,California,West,24252,48,531.0,4428,206293,245.13,5.54,88948.03
2021-04,Street Footwear,Women's,Connecticut,Northeast,6063,12,79.0,320,8904,28.669999999999998,1.0899999999999999,2959.12
2021-04,Street Footwear,Women's,Delaware,Northeast,4042,8,57.0,284,8343,26.85,0.9500000000000001,3576.15
2021-04,Street Footwear,Women's,Florida,Southeast,6063,12,185.0,652,42388,64.72,1.0499999999999998,13846.32
2021-04,Street Footwear,Women's,Georgia,Southeast,6063,12,141.0,582,29393,57.56999999999999,1.22,11073.91
2021-04,Street Footwear,Women's,Hawaii,West,4042,8,125.0,441,28210,39.05,0.63,7762.3
2021-04,Street Footwear,Women's,Idaho,West,6063,12,68.0,775,18264,27.059263157894733,1.19,6851.4
2021-04,Street Footwear,Women's,Indiana,Midwest,4042,8,29.0,252,3728,12.25,0.85,1414.0
2021-04,Street Footwear,Women's,Iowa,Midwest,4042,8,20.000000000000004,228,2280,7.3999999999999995,0.74,758.2
2021-04,Street Footwear,Women's,Kansas,Midwest,4042,8,29.0,260,3840,12.25,0.85,1470.0
2021-04,Street Footwear,Women's,Kentucky,Southeast,4042,8,78.0,224,8862,36.900000000000006,0.9500000000000001,3824.1000000000004
2021-04,Street Footwear,Women's,Louisiana,South,6063,12,147.0,600,30885,65.32,1.3299999999999998,13050.6
2021-04,Street Footwear,Women's,Maryland,Northeast,4042,8,49.00000000000001,158,3917,20.509999999999998,0.84,1481.83
2021-04,Street Footwear,Women's,Massachusetts,Northeast,6063,12,81.0,242,6811,24.47,0.9099999999999999,1888.97
2021-04,Street Footwear,Women's,Michigan,Midwest,4042,8,57.0,585,17145,20.34,0.72,5580.9
2021-04,Street Footwear,Women's,Mississippi,South,6063,12,40.0,600,8403,18.65,1.4000000000000001,3641.5
2021-04,Street Footwear,Women's,Missouri,Midwest,4042,8,38.00000000000001,358,6994,15.819999999999997,0.84,2657.0599999999995
2021-04,Street Footwear,Women's,New Hampshire,Northeast,6063,12,104.0,403,14854,37.56,1.08,4927.76
2021-04,Street Footwear,Women's,New Jersey,Northeast,4042,8,49.00000000000001,226,5599,22.0,0.9,2362.0
2021-04,Street Footwear,Women's,New Mexico,West,6063,12,159.0,656,36540,66.98,1.27,14177.2
2021-04,Street Footwear,Women's,New York,Northeast,4042,8,69.0,677,23543,20.990000000000002,0.61,6454.23
2021-04,Street Footwear,Women's,North Carolina,Southeast,4042,8,40.0,719,14380,19.0,0.9500000000000001,6184.0
2021-04,Street Footwear,Women's,North Dakota,Midwest,4042,8,39.0,191,3779,13.98,0.72,1227.18
2021-04,Street Footwear,Women's,Ohio,Midwest,4042,8,39.0,531,10514,18.07,0.93,4467.42
2021-04,Street Footwear,Women's,Oklahoma,South,6063,12,39.0,363,5027,18.02,1.3900000000000001,2176.56
2021-04,Street Footwear,Women's,Oregon,West,6063,12,162.0,524,29533,66.66999999999999,1.24,11265.779999999999
2021-04,Street Footwear,Women's,Rhode Island,Northeast,6063,12,65.0,205,4693,29.2,1.34,1994.96
2021-04,Street Footwear,Women's,South Carolina,Southeast,4042,8,49.0,857,21243,15.37,0.63,5878.59
2021-04,Street Footwear,Women's,South Dakota,Midwest,4042,8,59.0,195,5805,20.6,0.7,1872.0
2021-04,Street Footwear,Women's,Tennessee,South,30315,60,545.0,6174,241667,270.53866666666664,7.369999999999999,113476.81999999999
2021-04,Street Footwear,Women's,Utah,West,6063,12,39.00000000000001,530,7317,15.79,1.22,2776.07
2021-04,Street Footwear,Women's,Vermont,Northeast,6063,12,92.0,364,11805,38.75,1.27,4573.25
2021-04,Street Footwear,Women's,Virginia,Southeast,6063,12,158.0,524,29019,64.1,1.21,10928.43
2021-04,Street Footwear,Women's,West Virginia,Northeast,4042,8,39.0,318,6292,18.26,0.9400000000000001,2697.6800000000003
2021-04,Street Footwear,Women's,Wisconsin,Midwest,4042,8,19.000000000000004,191,1869,6.869999999999999,0.73,608.67
2021-04,Street Footwear,Women's,Wyoming,West,4042,8,58.0,645,19060,23.38,0.8099999999999999,7117.6
2021-05,Apparel,Men's,Alaska,West,4042,10,127.0,344,22153,39.81,0.63,6094.39
2021-05,Apparel,Men's,Arizona,West,6063,15,145.0,320,16376,50.28,1.04,5310.72
2021-05,Apparel,Men's,Arkansas,South,6063,15,119.0,521,21746,47.968923076923076,1.21,8181.579999999999
2021-05,Apparel,Men's,California,West,30315,75,804.0,5057,283835,489.84000000000003,9.16,164790.94
2021-05,Apparel,Men's,Connecticut,Northeast,6063,15,142.0,403,20320,51.4488,1.0899999999999999,6739.549999999999
2021-05,Apparel,Men's,Delaware,Northeast,4042,10,105.0,349,18824,37.498909090909095,0.72,6091.2
2021-05,Apparel,Men's,Florida,Southeast,6063,15,149.0,361,18766,38.13911111111111,0.77,4320.32
2021-05,Apparel,Men's,Georgia,Southeast,6063,15,144.0,355,18061,59.629999999999995,1.25,6887.37
2021-05,Apparel,Men's,Hawaii,West,4042,10,115.0,221,13030,24.400000000000002,0.43000000000000005,2283.4
2021-05,Apparel,Men's,Idaho,West,6063,15,131.0,640,29720,45.7,1.05,9684.0
2021-05,Apparel,Men's,Indiana,Midwest,4042,10,89.0,258,11551,33.2985,0.75,3848.0999999999995
2021-05,Apparel,Men's,Iowa,Midwest,4042,10,88.0,192,8555,50.44666666666667,1.15,4548.4
2021-05,Apparel,Men's,Kansas,Midwest,4042,10,88.0,281,12532,37.248444444444445,0.85,4747.4
2021-05,Apparel,Men's,Kentucky,Southeast,4042,10,96.0,192,9432,38.66,0.8099999999999999,3513.72
2021-05,Apparel,Men's,Louisiana,South,6063,15,108.0,367,13804,54.6,1.52,6613.32
2021-05,Apparel,Men's,Maryland,Northeast,4042,10,99.0,161,8013,35.5776,0.72,2615.58
2021-05,Apparel,Men's,Massachusetts,Northeast,6063,15,144.0,314,16039,43.66875,0.91,4430.95
2021-05,Apparel,Men's,Michigan,Midwest,4042,10,107.0,599,32572,49.55915789473684,0.9299999999999999,13867.039999999999
2021-05,Apparel,Men's,Mississippi,South,6063,15,120.0,648,27243,48.619125,1.22,10330.169999999998
2021-05,Apparel,Men's,Missouri,Midwest,4042,10,89.0,320,14329,36.868599999999994,0.83,5415.549999999999
2021-05,Apparel,Men's,Nebraska,Midwest,8084,20,174.0,316,14024,70.9344,1.64,5236.839999999999
2021-05,Apparel,Men's,New Hampshire,Northeast,6063,15,180.0,468,29094,64.49,1.0699999999999998,9558.9
2021-05,Apparel,Men's,New Jersey,Northeast,4042,10,97.0,293,14445,34.26866666666666,0.71,4685.0599999999995
2021-05,Apparel,Men's,New Mexico,West,6063,15,161.0,393,22150,57.269999999999996,1.0699999999999998,7257.3
2021-05,Apparel,Men's,New York,Northeast,4042,10,116.0,662,39172,48.44,0.84,14784.279999999999
2021-05,Apparel,Men's,North Carolina,Southeast,4042,10,96.0,750,36899,40.03941666666667,0.84,13880.65
2021-05,Apparel,Men's,North Dakota,Midwest,4042,10,96.0,156,7675,39.5772,0.83,2871.6299999999997
2021-05,Apparel,Men's,Ohio,Midwest,4042,10,99.0,576,28673,40.03922222222222,0.8099999999999999,10714.689999999999
2021-05,Apparel,Men's,Oklahoma,South,6063,15,121.0,405,17114,48.62859999999999,1.21,6470.799999999999
2021-05,Apparel,Men's,Oregon,West,6063,15,119.0,277,11592,55.06771428571429,1.3900000000000001,4983.96
2021-05,Apparel,Men's,Rhode Island,Northeast,6063,15,139.0,275,13163,49.39828571428572,1.07,4325.5
2021-05,Apparel,Men's,South Carolina,Southeast,4042,10,108.0,896,48887,45.7495,0.85,18668.65
2021-05,Apparel,Men's,South Dakota,Midwest,4042,10,106.0,163,8812,44.74719999999999,0.85,3374.8999999999996
2021-05,Apparel,Men's,Tennessee,South,24252,60,523.0,2690,125549,237.0483111111111,5.449999999999999,53648.229999999996
2021-05,Apparel,Men's,Utah,West,6063,15,108.0,465,17535,45.68,1.27,6758.7
2021-05,Apparel,Men's,Vermont,Northeast,6063,15,161.0,438,24646,65.71,1.23,9352.46
2021-05,Apparel,Men's,Virginia,Southeast,6063,15,123.0,278,11866,56.37771428571429,1.37,5103.320000000001
2021-05,Apparel,Men's,West Virginia,Northeast,4042,10,87.0,293,12980,40.678222222222225,0.9400000000000001,5591.84
2021-05,Apparel,Men's,Wisconsin,Midwest,4042,10,89.0,228,10206,49.33714285714286,1.1099999999999999,5359.52
2021-05,Apparel,Men's,Wyoming,West,4042,10,95.0,608,29735,33.9,0.72,9638.7
2021-05,Apparel,Women's,Alaska,West,4042,10,137.0,500,34700,48.47,0.71,11147.0
2021-05,Apparel,Women's,Arizona,West,6063,15,187.0,597,39094,55.91,0.8999999999999999,10726.3
2021-05,Apparel,Women's,Arkansas,South,6063,15,122.0,681,28793,57.70905882352942,1.4200000000000002,12584.75
2021-05,Apparel,Women's,California,West,30315,75,859.0,5460,330228,222.21,3.88,75786.54
2021-05,Apparel,Women's,Connecticut,Northeast,6063,15,156.0,616,33963,65.16999999999999,1.26,13124.509999999998
2021-05,Apparel,Women's,Delaware,Northeast,4042,10,114.0,504,29616,53.7,0.9500000000000001,12688.8
2021-05,Apparel,Women's,Florida,Southeast,6063,15,185.0,921,60145,92.92000000000002,1.5,28738.16
2021-05,Apparel,Women's,Georgia,Southeast,6063,15,187.0,644,42252,59.53,0.96,12109.32
2021-05,Apparel,Women's,Hawaii,West,4042,10,144.0,618,45492,67.95,0.9500000000000001,19676.85
2021-05,Apparel,Women's,Idaho,West,6063,15,120.0,1208,50826,67.11,1.6800000000000002,26999.28
2021-05,Apparel,Women's,Indiana,Midwest,4042,10,108.0,416,22697,49.55876923076923,0.92,9657.560000000001
2021-05,Apparel,Women's,Iowa,Midwest,4042,10,96.0,344,16923,43.91854545454546,0.92,7150.08
2021-05,Apparel,Women's,Kansas,Midwest,4042,10,87.0,419,18572,34.648923076923076,0.7999999999999999,6895.0
2021-05,Apparel,Women's,Kentucky,Southeast,4042,10,106.0,358,19358,48.01,0.91,8208.83
2021-05,Apparel,Women's,Louisiana,South,6063,15,170.0,920,55416,67.69999999999999,1.2,20790.3
2021-05,Apparel,Women's,Maryland,Northeast,4042,10,107.0,313,17025,37.818799999999996,0.71,5467.86
2021-05,Apparel,Women's,Massachusetts,Northeast,6063,15,158.0,517,28812,55.169999999999995,1.0499999999999998,9354.88
2021-05,Apparel,Women's,Michigan,Midwest,4042,10,115.0,725,42750,71.5,1.25,24750.0
2021-05,Apparel,Women's,Mississippi,South,6063,15,132.0,790,36829,74.679,1.7000000000000002,19650.7
2021-05,Apparel,Women's,Missouri,Midwest,4042,10,95.0,455,22224,51.998571428571424,1.1,11584.5
2021-05,Apparel,Women's,Nebraska,Midwest,4042,10,67.0,293,10051,37.019999999999996,1.1099999999999999,5264.86
2021-05,Apparel,Women's,New Hampshire,Northeast,6063,15,181.0,680,43665,72.33999999999999,1.2,16362.599999999999
2021-05,Apparel,Women's,New Jersey,Northeast,4042,10,106.0,452,24451,48.518857142857144,0.92,10404.64
2021-05,Apparel,Women's,New Mexico,West,6063,15,200.0,672,47202,61.9,0.9299999999999999,13207.08
2021-05,Apparel,Women's,New York,Northeast,4042,10,124.0,794,50596,69.67,1.13,26594.23
2021-05,Apparel,Women's,North Carolina,Southeast,4042,10,106.0,903,48852,59.11928571428571,1.12,25668.36
2021-05,Apparel,Women's,North Dakota,Midwest,4042,10,107.0,325,17649,48.5184,0.91,7488.6
2021-05,Apparel,Women's,Ohio,Midwest,4042,10,108.0,693,37828,61.41909090909091,1.1400000000000001,19975.06
2021-05,Apparel,Women's,Oklahoma,South,6063,15,120.0,564,23693,54.688857142857145,1.37,10162.52
2021-05,Apparel,Women's,Oregon,West,6063,15,160.0,856,47990,58.86,1.1099999999999999,16154.279999999999
2021-05,Apparel,Women's,Rhode Island,Northeast,6063,15,143.0,474,24059,65.39866666666667,1.37,10305.08
2021-05,Apparel,Women's,South Carolina,Southeast,4042,10,119.0,1000,59800,65.4,1.1,31080.0
2021-05,Apparel,Women's,South Dakota,Midwest,4042,10,118.0,318,18944,53.58,0.91,8011.4400000000005
2021-05,Apparel,Women's,Tennessee,South,24252,60,576.0,4063,210397,377.9200000000001,7.880000000000001,132181.26
2021-05,Apparel,Women's,Utah,West,6063,15,121.0,648,27375,69.33875,1.7200000000000002,14766.220000000001
2021-05,Apparel,Women's,Vermont,Northeast,6063,15,172.0,640,38840,78.82,1.38,16738.4
2021-05,Apparel,Women's,Virginia,Southeast,6063,15,160.0,845,47404,57.48,1.08,15697.36
2021-05,Apparel,Women's,West Virginia,Northeast,4042,10,107.0,445,24189,50.59885714285714,0.9500000000000001,10416.6
2021-05,Apparel,Women's,Wisconsin,Midwest,4042,10,97.0,390,19229,43.96866666666667,0.91,8156.900000000001
2021-05,Apparel,Women's,Wyoming,West,4042,10,107.0,756,41112,34.55,0.65,11494.8
2021-05,Athletic Footwear,Men's,Alaska,West,4042,10,116.0,347,20532,46.2,0.8,7589.4000000000015
2021-05,Athletic Footwear,Men's,Arizona,West,6063,15,144.0,604,30790,65.74000000000001,1.36,13237.98
2021-05,Athletic Footwear,Men's,Arkansas,South,6063,15,106.0,604,22542,44.76,1.27,8761.16
2021-05,Athletic Footwear,Men's,California,West,30315,75,738.0,6727,347244,226.03,4.6,96714.21
2021-05,Athletic Footwear,Men's,Connecticut,Northeast,6063,15,133.0,406,18909,60.84,1.37,8135.32
2021-05,Athletic Footwear,Men's,Delaware,Northeast,4042,10,97.0,344,16993,38.65,0.7999999999999999,6271.85
2021-05,Athletic Footwear,Men's,Florida,Southeast,6063,15,171.0,685,41377,53.13,0.93,11678.41
2021-05,Athletic Footwear,Men's,Georgia,Southeast,6063,15,143.0,644,32512,65.24000000000001,1.37,13923.52
2021-05,Athletic Footwear,Men's,Hawaii,West,4042,10,118.0,473,28184,31.14,0.53,6375.72
2021-05,Athletic Footwear,Men's,Idaho,West,6063,15,80.0,1168,32672,32.959999999999994,1.24,12474.679999999998
2021-05,Athletic Footwear,Men's,Indiana,Midwest,4042,10,77.0,323,12701,36.35,0.9500000000000001,5485.55
2021-05,Athletic Footwear,Men's,Iowa,Midwest,4042,10,77.0,288,11331,31.02,0.8099999999999999,4222.26
2021-05,Athletic Footwear,Men's,Kansas,Midwest,4042,10,79.0,352,14003,32.72,0.83,5291.44
2021-05,Athletic Footwear,Men's,Kentucky,Southeast,4042,10,87.0,293,12981,36.75,0.85,4971.75
2021-05,Athletic Footwear,Men's,Louisiana,South,6063,15,137.0,628,29820,62.03999999999999,1.3599999999999999,12696.8
2021-05,Athletic Footwear,Men's,Maryland,Northeast,4042,10,87.0,222,9849,35.07,0.8099999999999999,3664.29
2021-05,Athletic Footwear,Men's,Massachusetts,Northeast,6063,15,131.0,322,14850,47.449999999999996,1.0899999999999999,4923.66
2021-05,Athletic Footwear,Men's,Michigan,Midwest,4042,10,97.0,650,32050,45.849999999999994,0.95,13877.5
2021-05,Athletic Footwear,Men's,Mississippi,South,6063,15,105.0,721,26767,42.129999999999995,1.21,10088.349999999999
2021-05,Athletic Footwear,Men's,Missouri,Midwest,4042,10,69.0,413,14367,28.229999999999997,0.82,5387.49
2021-05,Athletic Footwear,Men's,Nebraska,Midwest,4042,10,68.0,163,5629,28.75,0.85,2158.25
2021-05,Athletic Footwear,Men's,New Hampshire,Northeast,6063,15,154.0,480,26418,70.36,1.37,11336.52
2021-05,Athletic Footwear,Men's,New Jersey,Northeast,4042,10,86.0,293,12913,36.25,0.85,4937.75
2021-05,Athletic Footwear,Men's,New Mexico,West,6063,15,164.0,672,38194,72.9,1.33,16110.900000000001
2021-05,Athletic Footwear,Men's,New York,Northeast,4042,10,108.0,736,40158,44.16,0.82,15079.26
2021-05,Athletic Footwear,Men's,North Carolina,Southeast,4042,10,87.0,832,36894,35.07,0.8099999999999999,13753.74
2021-05,Athletic Footwear,Men's,North Dakota,Midwest,4042,10,86.0,254,11214,31.54,0.74,3674.16
2021-05,Athletic Footwear,Men's,Ohio,Midwest,4042,10,89.0,635,28440,37.309999999999995,0.84,10785.599999999999
2021-05,Athletic Footwear,Men's,Oklahoma,South,6063,15,108.0,480,18090,42.57,1.18,6751.71
2021-05,Athletic Footwear,Men's,Oregon,West,6063,15,141.0,564,28424,56.65,1.21,10722.1
2021-05,Athletic Footwear,Men's,Rhode Island,Northeast,6063,15,120.0,282,11838,46.94,1.17,4391.12
2021-05,Athletic Footwear,Men's,South Carolina,Southeast,4042,10,95.0,938,45960,37.75,0.7999999999999999,16932.0
2021-05,Athletic Footwear,Men's,South Dakota,Midwest,4042,10,95.0,260,12700,35.25,0.75,4215.0
2021-05,Athletic Footwear,Men's,Tennessee,South,24252,60,405.0,3645,137073,195.26943749999998,5.77,64161.079999999994
2021-05,Athletic Footwear,Men's,Utah,West,6063,15,81.00000000000001,604,16995,33.95,1.26,6555.429999999999
2021-05,Athletic Footwear,Men's,Vermont,Northeast,6063,15,150.0,449,23299,75.9,1.52,11190.99
2021-05,Athletic Footwear,Men's,Virginia,Southeast,6063,15,146.0,553,28448,58.599999999999994,1.21,10708.6
2021-05,Athletic Footwear,Men's,West Virginia,Northeast,4042,10,77.0,387,15219,34.870000000000005,0.91,6441.6900000000005
2021-05,Athletic Footwear,Men's,Wisconsin,Midwest,4042,10,79.0,250,9950,33.11,0.84,3755.5
2021-05,Athletic Footwear,Men's,Wyoming,West,4042,10,86.0,677,29857,29.900000000000002,0.7,9580.3
2021-05,Athletic Footwear,Women's,Alaska,West,4042,10,106.0,313,16963,33.13,0.63,4658.4400000000005
2021-05,Athletic Footwear,Women's,Arizona,West,6063,15,138.0,483,23037,56.43,1.22,8796.99
2021-05,Athletic Footwear,Women's,Arkansas,South,6063,15,93.0,468,15312,43.300000000000004,1.4000000000000001,6620.76
2021-05,Athletic Footwear,Women's,California,West,30315,75,663.0,5282,245796,271.31,6.1499999999999995,93501.92
2021-05,Athletic Footwear,Women's,Connecticut,Northeast,6063,15,121.0,362,15265,42.099999999999994,1.04,4955.46
2021-05,Athletic Footwear,Women's,Delaware,Northeast,4042,10,86.0,315,13915,39.32,0.92,5885.8
2021-05,Athletic Footwear,Women's,Florida,Southeast,6063,15,158.0,520,28865,56.63,1.0699999999999998,9501.38
2021-05,Athletic Footwear,Women's,Georgia,Southeast,6063,15,131.0,530,24403,60.0,1.37,10476.26
2021-05,Athletic Footwear,Women's,Hawaii,West,4042,10,107.0,355,19284,34.54909090909091,0.65,5445.0
2021-05,Athletic Footwear,Women's,Idaho,West,6063,15,92.0,785,25510,45.9,1.5,12094.5
2021-05,Athletic Footwear,Women's,Indiana,Midwest,4042,10,69.0,224,7791,28.91,0.84,2960.09
2021-05,Athletic Footwear,Women's,Iowa,Midwest,4042,10,68.0,159,5497,25.02,0.74,1806.18
2021-05,Athletic Footwear,Women's,Kansas,Midwest,4042,10,67.0,258,8856,28.25,0.85,3378.0
2021-05,Athletic Footwear,Women's,Kentucky,Southeast,4042,10,78.0,163,6444,36.52,0.9400000000000001,2779.76
2021-05,Athletic Footwear,Women's,Louisiana,South,6063,15,122.0,511,21698,54.629999999999995,1.3399999999999999,9190.589999999998
2021-05,Athletic Footwear,Women's,Maryland,Northeast,4042,10,77.0,130,5110,31.759999999999998,0.83,1932.8
2021-05,Athletic Footwear,Women's,Massachusetts,Northeast,6063,15,121.0,276,11671,38.01,0.94,3293.67
2021-05,Athletic Footwear,Women's,Michigan,Midwest,4042,10,87.0,576,25542,36.75,0.85,9733.5
2021-05,Athletic Footwear,Women's,Mississippi,South,6063,15,92.0,592,19242,41.87,1.37,8230.47
2021-05,Athletic Footwear,Women's,Missouri,Midwest,4042,10,59.0,290,8635,27.95,0.9500000000000001,3736.75
2021-05,Athletic Footwear,Women's,Nebraska,Midwest,4042,10,59.0,64,1906,26.5,0.9,803.0
2021-05,Athletic Footwear,Women's,New Hampshire,Northeast,6063,15,148.0,446,23016,51.24,1.04,7470.04
2021-05,Athletic Footwear,Women's,New Jersey,Northeast,4042,10,78.0,256,10128,35.0,0.9,4264.0
2021-05,Athletic Footwear,Women's,New Mexico,West,6063,15,149.0,550,28578,60.339999999999996,1.22,10794.029999999999
2021-05,Athletic Footwear,Women's,New York,Northeast,4042,10,97.0,630,31110,33.8,0.7,9944.0
2021-05,Athletic Footwear,Women's,North Carolina,Southeast,4042,10,78.0,725,28700,36.519999999999996,0.9400000000000001,12278.0
2021-05,Athletic Footwear,Women's,North Dakota,Midwest,4042,10,76.0,126,4936,27.84,0.74,1611.84
2021-05,Athletic Footwear,Women's,Ohio,Midwest,4042,10,78.0,548,21674,36.900000000000006,0.9500000000000001,9370.7
2021-05,Athletic Footwear,Women's,Oklahoma,South,6063,15,95.0,358,11805,43.620000000000005,1.37,5061.38
2021-05,Athletic Footwear,Women's,Oregon,West,6063,15,132.0,452,20919,53.89,1.22,7974.44
2021-05,Athletic Footwear,Women's,Rhode Island,Northeast,6063,15,106.0,245,9093,48.7,1.3800000000000001,3925.7400000000002
2021-05,Athletic Footwear,Women's,South Carolina,Southeast,4042,10,88.0,857,38201,31.56,0.72,12399.42
2021-05,Athletic Footwear,Women's,South Dakota,Midwest,4042,10,88.0,126,5618,32.849999999999994,0.75,1853.1
2021-05,Athletic Footwear,Women's,Tennessee,South,24252,60,490.0,2361,113720,288.72,6.910000000000001,65792.12000000001
2021-05,Athletic Footwear,Women's,Utah,West,6063,15,67.0,441,10317,30.82,1.3800000000000001,4428.780000000001
2021-05,Athletic Footwear,Women's,Vermont,Northeast,6063,15,136.0,398,18810,55.120000000000005,1.22,7108.3
2021-05,Athletic Footwear,Women's,Virginia,Southeast,6063,15,130.0,429,19798,53.54,1.23,7499.9
2021-05,Athletic Footwear,Women's,West Virginia,Northeast,4042,10,68.0,250,8650,32.150000000000006,0.9500000000000001,3707.5
2021-05,Athletic Footwear,Women's,Wisconsin,Midwest,4042,10,67.0,188,6466,24.58,0.74,2110.04
2021-05,Athletic Footwear,Women's,Wyoming,West,4042,10,79.0,581,23109,33.5,0.85,8854.5
2021-05,Street Footwear,Men's,Alaska,West,4042,10,124.0,730,46490,52.25,0.8500000000000001,17687.5
2021-05,Street Footwear,Men's,Arizona,West,6063,15,135.0,856,40151,54.03,1.2,15091.69
2021-05,Street Footwear,Men's,Arkansas,South,6063,15,105.0,1079,39787,49.02,1.4000000000000001,17258.74
2021-05,Street Footwear,Men's,California,West,36378,90,805.0,7604,355427,367.83,8.24,152599.93
2021-05,Street Footwear,Men's,Connecticut,Northeast,6063,15,149.0,878,45282,67.13926605504588,1.35,19261.88
2021-05,Street Footwear,Men's,Delaware,Northeast,4042,10,106.0,730,39509,43.72938596491228,0.83,14888.949999999999
2021-05,Street Footwear,Men's,Florida,Southeast,6063,15,162.0,931,52334,57.459999999999994,1.06,17134.22
2021-05,Street Footwear,Men's,Georgia,Southeast,6063,15,134.0,897,41939,62.400000000000006,1.4000000000000001,18243.54
2021-05,Street Footwear,Men's,Hawaii,West,4042,10,106.0,683,36932,32.61952380952381,0.62,10199.96
2021-05,Street Footwear,Men's,Idaho,West,6063,15,52.0,1113,20594,21.88,1.27,7961.8
2021-05,Street Footwear,Men's,Indiana,Midwest,4042,10,114.0,709,41556,51.0,0.9,17508.0
2021-05,Street Footwear,Men's,Iowa,Midwest,4042,10,117.0,666,39522,41.94,0.72,12855.24
2021-05,Street Footwear,Men's,Kansas,Midwest,4042,10,76.0,713,27948,30.199999999999996,0.7999999999999999,10296.599999999999
2021-05,Street Footwear,Men's,Kentucky,Southeast,4042,10,99.0,676,33644,44.99,0.91,14298.44
2021-05,Street Footwear,Men's,Louisiana,South,6063,15,120.0,886,37262,54.55,1.3599999999999999,15968.16
2021-05,Street Footwear,Men's,Maryland,Northeast,4042,10,99.0,588,29281,45.47914893617022,0.92,12406.240000000002
2021-05,Street Footwear,Men's,Massachusetts,Northeast,6063,15,149.0,797,41154,54.04939393939394,1.0899999999999999,13660.59
2021-05,Street Footwear,Men's,Michigan,Midwest,4042,10,98.0,1002,49686,54.28,1.1099999999999999,25935.96
2021-05,Street Footwear,Men's,Mississippi,South,6063,15,106.0,1177,43792,48.79,1.37,18780.22
2021-05,Street Footwear,Men's,Missouri,Midwest,4042,10,79.0,800,31820,35.89,0.91,13500.2
2021-05,Street Footwear,Men's,Nebraska,Midwest,4042,10,67.0,594,20433,31.28,0.9400000000000001,8706.32
2021-05,Street Footwear,Men's,New Hampshire,Northeast,6063,15,176.0,964,58959,80.13,1.36,25299.32
2021-05,Street Footwear,Men's,New Jersey,Northeast,4042,10,98.0,650,32239,40.059326923076924,0.82,12032.449999999999
2021-05,Street Footwear,Men's,New Mexico,West,6063,15,149.0,909,47187,59.83,1.21,17755.17
2021-05,Street Footwear,Men's,New York,Northeast,4042,10,105.0,1131,60900,54.75,1.05,29362.5
2021-05,Street Footwear,Men's,North Carolina,Southeast,4042,10,86.0,1191,52611,40.55,0.9500000000000001,22557.3
2021-05,Street Footwear,Men's,North Dakota,Midwest,4042,10,115.0,624,36795,47.4,0.83,13800.6
2021-05,Street Footwear,Men's,Ohio,Midwest,4042,10,87.0,1002,44469,39.0,0.9,18657.0
2021-05,Street Footwear,Men's,Oklahoma,South,6063,15,104.0,941,34824,47.480000000000004,1.37,14921.64
2021-05,Street Footwear,Men's,Oregon,West,6063,15,137.0,800,38005,55.48,1.22,14420.9
2021-05,Street Footwear,Men's,Rhode Island,Northeast,6063,15,138.0,742,35327,57.98925531914894,1.26,13612.15
2021-05,Street Footwear,Men's,South Carolina,Southeast,4042,10,98.0,1327,65786,48.900000000000006,1.0,30957.3
2021-05,Street Footwear,Men's,South Dakota,Midwest,4042,10,118.0,634,37762,48.26,0.82,14184.14
2021-05,Street Footwear,Men's,Tennessee,South,24252,60,420.0,3955,149002,206.4694375,5.88,69978.34999999999
2021-05,Street Footwear,Men's,Utah,West,6063,15,94.0,1072,35174,41.93,1.34,14866.76
2021-05,Street Footwear,Men's,Vermont,Northeast,6063,15,163.0,901,51166,82.83000000000001,1.53,24550.86
2021-05,Street Footwear,Men's,Virginia,Southeast,6063,15,135.0,800,37575,54.26,1.21,14125.0
2021-05,Street Footwear,Men's,West Virginia,Northeast,4042,10,118.0,774,46082,54.16,0.92,19678.64
2021-05,Street Footwear,Men's,Wisconsin,Midwest,4042,10,118.0,629,37472,41.78,0.71,12096.52
2021-05,Street Footwear,Men's,Wyoming,West,4042,10,95.0,1066,52070,54.25,1.15,27695.5
2021-05,Street Footwear,Women's,Alaska,West,4042,10,108.0,384,20952,34.95,0.65,5905.8
2021-05,Street Footwear,Women's,Arizona,West,6063,15,146.0,652,33412,58.33,1.2,12576.56
2021-05,Street Footwear,Women's,Arkansas,South,6063,15,96.0,560,18557,44.58,1.3900000000000001,8015.42
2021-05,Street Footwear,Women's,California,West,30315,75,665.0,5495,256465,300.77,6.79,109414.3
2021-05,Street Footwear,Women's,Connecticut,Northeast,6063,15,120.0,432,18213,41.58,1.04,5888.34
2021-05,Street Footwear,Women's,Delaware,Northeast,4042,10,86.0,381,16821,39.32,0.92,7126.92
2021-05,Street Footwear,Women's,Florida,Southeast,6063,15,170.0,676,40718,62.61,1.1099999999999999,13632.869999999999
2021-05,Street Footwear,Women's,Georgia,Southeast,6063,15,147.0,693,35571,60.849999999999994,1.24,13641.249999999998
2021-05,Street Footwear,Women's,Hawaii,West,4042,10,116.0,473,27988,37.400000000000006,0.65,7820.200000000001
2021-05,Street Footwear,Women's,Idaho,West,6063,15,66.0,926,21527,26.579391304347826,1.21,8127.849999999999
2021-05,Street Footwear,Women's,Indiana,Midwest,4042,10,69.0,281,9779,28.23,0.82,3651.13
2021-05,Street Footwear,Women's,Iowa,Midwest,4042,10,68.0,254,8782,24.03,0.71,2830.62
2021-05,Street Footwear,Women's,Kansas,Midwest,4042,10,67.0,315,10830,27.93,0.84,4081.7
2021-05,Street Footwear,Women's,Kentucky,Southeast,4042,10,78.0,258,10204,35.76,0.92,4346.08
2021-05,Street Footwear,Women's,Louisiana,South,6063,15,136.0,648,30520,60.53,1.3299999999999998,12912.32
2021-05,Street Footwear,Women's,Maryland,Northeast,4042,10,76.0,188,7368,31.28,0.83,2756.64
2021-05,Street Footwear,Women's,Massachusetts,Northeast,6063,15,116.0,349,14461,36.95,0.96,4082.05
2021-05,Street Footwear,Women's,Michigan,Midwest,4042,10,89.0,608,27227,31.1,0.7,8753.3
2021-05,Street Footwear,Women's,Mississippi,South,6063,15,94.0,680,22338,43.0,1.37,9591.06
2021-05,Street Footwear,Women's,Missouri,Midwest,4042,10,59.0,387,11523,23.84,0.8099999999999999,4310.58
2021-05,Street Footwear,Women's,Nebraska,Midwest,4042,10,48.0,222,5456,20.25,0.85,2071.75
2021-05,Street Footwear,Women's,New Hampshire,Northeast,6063,15,148.0,524,27115,52.199999999999996,1.06,8903.94
2021-05,Street Footwear,Women's,New Jersey,Northeast,4042,10,78.0,325,12850,35.0,0.9,5425.0
2021-05,Street Footwear,Women's,New Mexico,West,6063,15,162.0,711,40266,66.17999999999999,1.23,15312.42
2021-05,Street Footwear,Women's,New York,Northeast,4042,10,99.0,710,35340,30.14,0.61,9697.4
2021-05,Street Footwear,Women's,North Carolina,Southeast,4042,10,77.0,794,31253,35.61,0.93,13314.09
2021-05,Street Footwear,Women's,North Dakota,Midwest,4042,10,77.0,226,8887,27.91,0.73,2911.41
2021-05,Street Footwear,Women's,Ohio,Midwest,4042,10,79.0,618,24577,35.89,0.91,10444.27
2021-05,Street Footwear,Women's,Oklahoma,South,6063,15,96.0,435,14449,43.02,1.34,6120.88
2021-05,Street Footwear,Women's,Oregon,West,6063,15,144.0,564,28641,59.459999999999994,1.24,10922.49
2021-05,Street Footwear,Women's,Rhode Island,Northeast,6063,15,111.0,320,12260,50.5,1.36,5270.0
2021-05,Street Footwear,Women's,South Carolina,Southeast,4042,10,86.0,935,41235,26.42,0.62,11341.95
2021-05,Street Footwear,Women's,South Dakota,Midwest,4042,10,88.0,221,9853,31.56,0.72,3193.26
2021-05,Street Footwear,Women's,Tennessee,South,24252,60,471.0,3297,151112,228.79999999999998,5.72,71016.68999999999
2021-05,Street Footwear,Women's,Utah,West,6063,15,69.0,557,13271,28.47,1.23,5074.48
2021-05,Street Footwear,Women's,Vermont,Northeast,6063,15,136.0,471,22227,53.73,1.18,8254.74
2021-05,Street Footwear,Women's,Virginia,Southeast,6063,15,142.0,547,27683,57.94,1.22,10429.71
2021-05,Street Footwear,Women's,West Virginia,Northeast,4042,10,67.0,352,12089,31.6,0.9500000000000001,5205.2
2021-05,Street Footwear,Women's,Wisconsin,Midwest,4042,10,68.0,224,7742,25.35,0.75,2565.15
2021-05,Street Footwear,Women's,Wyoming,West,4042,10,79.0,645,25655,33.11,0.84,9770.95
2021-06,Apparel,Men's,Alaska,West,4042,12,125.0,384,24540,37.849999999999994,0.61,6689.4
2021-06,Apparel,Men's,Arizona,West,6063,18,149.0,365,18939,52.53999999999999,1.06,6221.7
2021-06,Apparel,Men's,Arkansas,South,6063,18,146.0,589,30208,59.59906666666666,1.22,11432.439999999999
2021-06,Apparel,Men's,Connecticut,Northeast,6063,18,144.0,440,22322,51.33890909090909,1.06,7311.2
2021-06,Apparel,Men's,Delaware,Northeast,4042,12,105.0,375,20249,36.498999999999995,0.7,6449.7
2021-06,Apparel,Men's,Florida,Southeast,6063,18,255.0,729,64827,63.1,0.74,14528.34
2021-06,Apparel,Men's,Georgia,Southeast,6063,18,148.0,441,22745,60.11,1.22,8596.029999999999
2021-06,Apparel,Men's,Hawaii,West,4042,12,168.0,438,37054,37.65,0.44999999999999996,6653.7
2021-06,Apparel,Men's,Idaho,West,6063,18,150.0,725,37628,53.48,1.0699999999999998,12351.08
2021-06,Apparel,Men's,Illinois,Midwest,20210,60,562.0,892,50644,229.80599999999998,4.109999999999999,19002.09
2021-06,Apparel,Men's,Indiana,Midwest,4042,12,76.0,228,8908,28.2,0.75,2958.6
2021-06,Apparel,Men's,Iowa,Midwest,4042,12,69.0,219,7621,39.260000000000005,1.1400000000000001,4019.94
2021-06,Apparel,Men's,Kansas,Midwest,4042,12,109.0,358,19606,45.168727272727274,0.83,7444.76
2021-06,Apparel,Men's,Kentucky,Southeast,4042,12,99.0,254,12646,41.51,0.84,4796.54
2021-06,Apparel,Men's,Louisiana,South,6063,18,257.0,720,64224,128.09,1.49,30406.68
2021-06,Apparel,Men's,Maryland,Northeast,4042,12,99.0,192,9557,36.558,0.74,3155.22
2021-06,Apparel,Men's,Massachusetts,Northeast,6063,18,145.0,358,18269,45.60888888888889,0.95,5160.4400000000005
2021-06,Apparel,Men's,Michigan,Midwest,4042,12,117.0,677,40164,55.349999999999994,0.95,17365.199999999997
2021-06,Apparel,Men's,Mississippi,South,6063,18,164.0,720,41040,64.50999999999999,1.18,15323.849999999999
2021-06,Apparel,Men's,Missouri,Midwest,4042,12,78.0,452,17876,31.099999999999998,0.7999999999999999,6644.2
2021-06,Apparel,Men's,Nebraska,Midwest,20210,60,451.0,568,25752,185.803,4.1499999999999995,9699.1
2021-06,Apparel,Men's,New Hampshire,Northeast,6063,18,172.0,533,32123,62.69,1.1,10745.16
2021-06,Apparel,Men's,New Jersey,Northeast,4042,12,96.0,315,15489,35.69879999999999,0.75,5095.2
2021-06,Apparel,Men's,New Mexico,West,6063,18,160.0,480,26964,57.480000000000004,1.08,8927.16
2021-06,Apparel,Men's,New York,Northeast,4042,12,127.0,725,46675,53.129999999999995,0.84,17638.25
2021-06,Apparel,Men's,North Carolina,Southeast,4042,12,126.0,813,52193,52.63999999999999,0.84,19659.57
2021-06,Apparel,Men's,North Dakota,Midwest,4042,12,78.0,222,8786,31.48,0.8099999999999999,3271.56
2021-06,Apparel,Men's,Ohio,Midwest,4042,12,127.0,650,41800,51.89,0.82,15746.0
2021-06,Apparel,Men's,Oklahoma,South,6063,18,147.0,492,25241,58.798833333333334,1.2,9495.939999999999
2021-06,Apparel,Men's,Oregon,West,6063,18,243.0,648,54668,112.4,1.3900000000000001,23637.440000000002
2021-06,Apparel,Men's,Rhode Island,Northeast,6063,18,137.0,324,15357,48.3285,1.06,5042.04
2021-06,Apparel,Men's,South Carolina,Southeast,4042,12,127.0,945,60840,50.64999999999999,0.7999999999999999,22503.0
2021-06,Apparel,Men's,South Dakota,Midwest,4042,12,86.0,226,9966,34.2,0.7999999999999999,3697.2
2021-06,Apparel,Men's,Utah,West,6063,18,93.0,640,20840,36.43,1.17,7724.5599999999995
2021-06,Apparel,Men's,Vermont,Northeast,6063,18,162.0,486,27318,68.03999999999999,1.26,10543.2
2021-06,Apparel,Men's,Virginia,Southeast,6063,18,239.0,632,53128,108.59,1.37,22700.08
2021-06,Apparel,Men's,West Virginia,Northeast,4042,12,86.0,349,15409,40.55,0.9500000000000001,6618.7
2021-06,Apparel,Men's,Wisconsin,Midwest,4042,12,69.0,221,7689,37.9,1.1,4000.9
2021-06,Apparel,Men's,Wyoming,West,4042,12,99.0,635,31615,36.56,0.74,10410.6
2021-06,Apparel,Women's,Alaska,West,4042,12,137.0,576,39942,49.14,0.72,12995.64
2021-06,Apparel,Women's,Arizona,West,6063,18,185.0,814,53057,58.67,0.95,14965.79
2021-06,Apparel,Women's,Arkansas,South,6063,18,162.0,875,49560,73.80000000000001,1.37,21271.2
2021-06,Apparel,Women's,Connecticut,Northeast,6063,18,155.0,676,37380,63.65,1.23,14247.0
2021-06,Apparel,Women's,Delaware,Northeast,4042,12,116.0,585,34560,53.68,0.93,14806.8
2021-06,Apparel,Women's,Florida,Southeast,6063,18,287.0,1216,123306,141.96,1.48,58324.68
2021-06,Apparel,Women's,Georgia,Southeast,6063,18,190.0,915,60370,57.91,0.9199999999999999,16802.4
2021-06,Apparel,Women's,Hawaii,West,4042,12,197.0,819,81393,90.44,0.92,34524.36
2021-06,Apparel,Women's,Idaho,West,6063,18,154.0,1304,71877,85.0,1.6600000000000001,37819.65
2021-06,Apparel,Women's,Illinois,Midwest,20210,60,497.0,1587,79692,276.2,5.58,41715.8
2021-06,Apparel,Women's,Indiana,Midwest,4042,12,116.0,416,24596,52.56,0.91,10398.96
2021-06,Apparel,Women's,Iowa,Midwest,4042,12,106.0,410,22210,49.03,0.93,9447.55
2021-06,Apparel,Women's,Kansas,Midwest,4042,12,118.0,567,33786,49.42,0.84,12775.14
2021-06,Apparel,Women's,Kentucky,Southeast,4042,12,107.0,476,25877,49.04,0.92,10981.04
2021-06,Apparel,Women's,Louisiana,South,6063,18,290.0,1193,121840,119.29999999999998,1.24,46369.399999999994
2021-06,Apparel,Women's,Maryland,Northeast,4042,12,108.0,384,20951,40.349,0.75,6953.099999999999
2021-06,Apparel,Women's,Massachusetts,Northeast,6063,18,161.0,596,33594,56.05,1.05,10905.6
2021-06,Apparel,Women's,Michigan,Midwest,4042,12,125.0,844,54015,74.75,1.2000000000000002,30722.250000000004
2021-06,Apparel,Women's,Mississippi,South,6063,18,176.0,1032,63074,97.33,1.6600000000000001,33338.47
2021-06,Apparel,Women's,Missouri,Midwest,4042,12,87.0,667,29589,49.8,1.15,15689.1
2021-06,Apparel,Women's,Nebraska,Midwest,20210,60,418.0,1238,53657,232.98666666666668,5.59,28123.4
2021-06,Apparel,Women's,New Hampshire,Northeast,6063,18,186.0,775,50458,76.52,1.24,19320.26
2021-06,Apparel,Women's,New Jersey,Northeast,4042,12,105.0,520,27999,46.999,0.9,11799.6
2021-06,Apparel,Women's,New Mexico,West,6063,18,199.0,954,66588,59.39,0.89,18253.68
2021-06,Apparel,Women's,New York,Northeast,4042,12,139.0,906,63239,77.78,1.12,33118.18
2021-06,Apparel,Women's,North Carolina,Southeast,4042,12,137.0,1056,73227,75.19999999999999,1.1,38161.2
2021-06,Apparel,Women's,North Dakota,Midwest,4042,12,106.0,416,22516,49.540000000000006,0.9400000000000001,9656.14
2021-06,Apparel,Women's,Ohio,Midwest,4042,12,134.0,871,59794,74.68,1.12,31402.28
2021-06,Apparel,Women's,Oklahoma,South,6063,18,155.0,742,41040,68.85,1.33,17280.6
2021-06,Apparel,Women's,Oregon,West,6063,18,274.0,1120,108549,98.66999999999999,1.0799999999999998,35770.77
2021-06,Apparel,Women's,Rhode Island,Northeast,6063,18,149.0,557,28854,67.35885714285715,1.36,12291.130000000001
2021-06,Apparel,Women's,South Carolina,Southeast,4042,12,135.0,1175,81000,76.6,1.1400000000000001,42775.0
2021-06,Apparel,Women's,South Dakota,Midwest,4042,12,105.0,419,22575,48.5,0.93,9641.0
2021-06,Apparel,Women's,Utah,West,6063,18,110.0,915,34780,60.08,1.6400000000000001,18203.2
2021-06,Apparel,Women's,Vermont,Northeast,6063,18,176.0,725,44246,80.28999999999999,1.3699999999999999,18955.979999999996
2021-06,Apparel,Women's,Virginia,Southeast,6063,18,283.0,1113,109914,100.24,1.07,36047.34
2021-06,Apparel,Women's,West Virginia,Northeast,4042,12,124.00000000000001,540,34410,56.68000000000001,0.92,14578.2
2021-06,Apparel,Women's,Wisconsin,Midwest,4042,12,106.0,423,22873,50.05,0.9500000000000001,9898.9
2021-06,Apparel,Women's,Wyoming,West,4042,12,105.0,813,43900,32.25,0.62,11953.0
2021-06,Athletic Footwear,Men's,Alaska,West,4042,12,115.0,512,30160,48.5,0.8500000000000001,11480.0
2021-06,Athletic Footwear,Men's,Arizona,West,6063,18,142.0,756,38311,63.64000000000001,1.34,16271.92
2021-06,Athletic Footwear,Men's,Arkansas,South,6063,18,92.0,680,21992,37.68,1.23,8321.08
2021-06,Athletic Footwear,Men's,California,West,6063,18,117.0,443,18353,47.31999999999999,1.22,6940.08
2021-06,Athletic Footwear,Men's,Connecticut,Northeast,6063,18,136.0,593,27974,61.86,1.37,11970.64
2021-06,Athletic Footwear,Men's,Delaware,Northeast,4042,12,98.0,520,25760,39.099999999999994,0.7999999999999999,9592.0
2021-06,Athletic Footwear,Men's,Florida,Southeast,6063,18,187.0,1127,73864,55.269999999999996,0.8899999999999999,20240.079999999998
2021-06,Athletic Footwear,Men's,Georgia,Southeast,6063,18,150.0,835,43496,67.58,1.35,18538.9
2021-06,Athletic Footwear,Men's,Hawaii,West,4042,12,147.0,756,56232,37.32,0.51,12481.92
2021-06,Athletic Footwear,Men's,Idaho,West,6063,18,131.0,1201,55353,53.93,1.24,21050.09
2021-06,Athletic Footwear,Men's,Illinois,Midwest,16168,48,390.0,934,46302,158.22,3.26,17346.18
2021-06,Athletic Footwear,Men's,Indiana,Midwest,4042,12,67.0,419,14383,30.96,0.93,6144.24
2021-06,Athletic Footwear,Men's,Iowa,Midwest,4042,12,58.000000000000014,352,10406,23.939999999999998,0.83,3922.38
2021-06,Athletic Footwear,Men's,Kansas,Midwest,4042,12,67.0,419,14383,27.61,0.83,5425.089999999999
2021-06,Athletic Footwear,Men's,Kentucky,Southeast,4042,12,68.0,352,12166,28.419999999999998,0.84,4613.84
2021-06,Athletic Footwear,Men's,Louisiana,South,6063,18,190.0,1134,74970,86.55,1.3699999999999999,32242.0
2021-06,Athletic Footwear,Men's,Maryland,Northeast,4042,12,86.0,325,14325,35.019999999999996,0.82,5382.75
2021-06,Athletic Footwear,Men's,Massachusetts,Northeast,6063,18,133.0,533,24772,46.26,1.04,8043.84
2021-06,Athletic Footwear,Men's,Michigan,Midwest,4042,12,96.0,742,36432,44.84,0.94,15648.279999999999
2021-06,Athletic Footwear,Men's,Mississippi,South,6063,18,106.0,775,28975,42.7,1.21,10870.25
2021-06,Athletic Footwear,Men's,Missouri,Midwest,4042,12,57.000000000000014,441,12957,22.919999999999995,0.8099999999999999,4805.219999999999
2021-06,Athletic Footwear,Men's,Nebraska,Midwest,20210,60,368.0,958,36316,150.49,4.109999999999999,13599.539999999999
2021-06,Athletic Footwear,Men's,New Hampshire,Northeast,6063,18,156.0,688,37988,71.36,1.3800000000000001,16344.880000000001
2021-06,Athletic Footwear,Men's,New Jersey,Northeast,4042,12,89.0,455,20370,35.989999999999995,0.8099999999999999,7637.7
2021-06,Athletic Footwear,Men's,New Mexico,West,6063,18,161.0,891,50105,72.28999999999999,1.35,21303.59
2021-06,Athletic Footwear,Men's,New York,Northeast,4042,12,109.0,800,43825,45.17,0.83,16567.25
2021-06,Athletic Footwear,Men's,North Carolina,Southeast,4042,12,87.0,882,39144,35.489999999999995,0.82,14617.68
2021-06,Athletic Footwear,Men's,North Dakota,Midwest,4042,12,67.0,315,10830,24.259999999999998,0.73,3519.4
2021-06,Athletic Footwear,Men's,Ohio,Midwest,4042,12,86.0,688,30408,34.61,0.8099999999999999,11265.18
2021-06,Athletic Footwear,Men's,Oklahoma,South,6063,18,93.0,561,18229,36.849999999999994,1.19,6793.549999999999
2021-06,Athletic Footwear,Men's,Oregon,West,6063,18,174.0,1021,62221,72.39946153846154,1.25,23813.91
2021-06,Athletic Footwear,Men's,Rhode Island,Northeast,6063,18,121.0,495,20865,49.489999999999995,1.23,7966.349999999999
2021-06,Athletic Footwear,Men's,South Carolina,Southeast,4042,12,99.0,1000,49800,39.55,0.7999999999999999,18410.0
2021-06,Athletic Footwear,Men's,South Dakota,Midwest,4042,12,79.0,320,12730,27.6,0.7,4092.0
2021-06,Athletic Footwear,Men's,Utah,West,6063,18,67.00000000000001,644,15064,27.71,1.24,5767.5199999999995
2021-06,Athletic Footwear,Men's,Vermont,Northeast,6063,18,152.0,636,33428,78.02000000000001,1.54,16167.32
2021-06,Athletic Footwear,Men's,Virginia,Southeast,6063,18,172.0,1047,63106,69.71946153846153,1.22,23884.12
2021-06,Athletic Footwear,Men's,West Virginia,Northeast,4042,12,77.0,544,21403,34.5,0.9,9001.5
2021-06,Athletic Footwear,Men's,Wisconsin,Midwest,4042,12,57.000000000000014,390,11430,23.73,0.84,4340.7
2021-06,Athletic Footwear,Men's,Wyoming,West,4042,12,87.0,768,34056,30.72,0.71,10992.96
2021-06,Athletic Footwear,Women's,Alaska,West,4042,12,108.0,390,21270,32.83,0.61,5842.2
2021-06,Athletic Footwear,Women's,Arizona,West,6063,18,134.0,550,25860,55.699999999999996,1.25,9906.0
2021-06,Athletic Footwear,Women's,Arkansas,South,6063,18,106.0,597,22222,48.0,1.36,9467.76
2021-06,Athletic Footwear,Women's,California,West,6063,18,104.0,200,7365,47.66,1.3800000000000001,3163.38
2021-06,Athletic Footwear,Women's,Connecticut,Northeast,6063,18,122.0,440,18710,43.39,1.0699999999999998,6164.95
2021-06,Athletic Footwear,Women's,Delaware,Northeast,4042,12,86.0,375,16575,40.550000000000004,0.9500000000000001,7091.25
2021-06,Athletic Footwear,Women's,Florida,Southeast,6063,18,228.0,926,73746,82.25999999999999,1.0899999999999999,24461.52
2021-06,Athletic Footwear,Women's,Georgia,Southeast,6063,18,132.0,652,30236,59.18000000000001,1.34,12871.880000000001
2021-06,Athletic Footwear,Women's,Hawaii,West,4042,12,149.0,608,45467,46.870000000000005,0.63,12646.21
2021-06,Athletic Footwear,Women's,Idaho,West,6063,18,131.0,880,40535,66.99000000000001,1.53,19448.55
2021-06,Athletic Footwear,Women's,Illinois,Midwest,16168,48,352.0,445,19845,161.84,3.6900000000000004,8443.95
2021-06,Athletic Footwear,Women's,Indiana,Midwest,4042,12,59.0,221,6584,24.13,0.82,2464.4799999999996
2021-06,Athletic Footwear,Women's,Iowa,Midwest,4042,12,49.00000000000001,219,5431,18.060000000000002,0.74,1777.1399999999999
2021-06,Athletic Footwear,Women's,Kansas,Midwest,4042,12,78.0,355,14040,31.099999999999994,0.7999999999999999,5217.999999999999
2021-06,Athletic Footwear,Women's,Kentucky,Southeast,4042,12,59.0,252,7508,27.950000000000003,0.9500000000000001,3229.4
2021-06,Athletic Footwear,Women's,Louisiana,South,6063,18,226.0,920,72933,106.82999999999998,1.42,31913.42
2021-06,Athletic Footwear,Women's,Maryland,Northeast,4042,12,77.0,194,7628,32.5,0.85,2914.0
2021-06,Athletic Footwear,Women's,Massachusetts,Northeast,6063,18,120.0,362,15238,35.12,0.88,4149.44
2021-06,Athletic Footwear,Women's,Michigan,Midwest,4042,12,88.0,683,30419,36.39,0.83,11529.869999999999
2021-06,Athletic Footwear,Women's,Mississippi,South,6063,18,122.0,716,30347,54.120000000000005,1.33,12793.880000000001
2021-06,Athletic Footwear,Women's,Missouri,Midwest,4042,12,48.00000000000001,441,10843,21.5,0.9,4546.5
2021-06,Athletic Footwear,Women's,Nebraska,Midwest,20210,60,319.0,442,14309,89.75999999999999,4.67,6084.12
2021-06,Athletic Footwear,Women's,New Hampshire,Northeast,6063,18,144.0,520,26455,50.92,1.06,8658.26
2021-06,Athletic Footwear,Women's,New Jersey,Northeast,4042,12,79.0,315,12535,37.06,0.9400000000000001,5368.9
2021-06,Athletic Footwear,Women's,New Mexico,West,6063,18,146.0,659,33835,58.349999999999994,1.2,12651.449999999999
2021-06,Athletic Footwear,Women's,New York,Northeast,4042,12,99.0,719,35806,35.09,0.71,11517.96
2021-06,Athletic Footwear,Women's,North Carolina,Southeast,4042,12,99.0,819,40781,44.99,0.91,17223.31
2021-06,Athletic Footwear,Women's,North Dakota,Midwest,4042,12,59.0,226,6729,21.18,0.72,2196.18
2021-06,Athletic Footwear,Women's,Ohio,Midwest,4042,12,99.0,640,31860,44.989999999999995,0.91,13498.6
2021-06,Athletic Footwear,Women's,Oklahoma,South,6063,18,107.0,489,18264,48.05,1.35,7784.1
2021-06,Athletic Footwear,Women's,Oregon,West,6063,18,216.0,862,64790,90.42,1.26,25096.179999999997
2021-06,Athletic Footwear,Women's,Rhode Island,Northeast,6063,18,105.0,330,12160,49.02,1.4000000000000001,5300.8
2021-06,Athletic Footwear,Women's,South Carolina,Southeast,4042,12,97.0,968,47746,36.15,0.75,15860.7
2021-06,Athletic Footwear,Women's,South Dakota,Midwest,4042,12,67.0,224,7693,24.9,0.75,2543.1
2021-06,Athletic Footwear,Women's,Utah,West,6063,18,52.00000000000001,640,11768,23.28,1.34,4984.4
2021-06,Athletic Footwear,Women's,Vermont,Northeast,6063,18,135.0,492,23106,53.849999999999994,1.2,8703.9
2021-06,Athletic Footwear,Women's,Virginia,Southeast,6063,18,213.0,851,63448,88.29,1.25,24311.6
2021-06,Athletic Footwear,Women's,West Virginia,Northeast,4042,12,68.0,344,11902,31.16,0.92,5034.04
2021-06,Athletic Footwear,Women's,Wisconsin,Midwest,4042,12,49.00000000000001,222,5503,17.34,0.71,1774.98
2021-06,Athletic Footwear,Women's,Wyoming,West,4042,12,78.0,640,25320,31.859999999999996,0.82,9500.4
2021-06,Street Footwear,Men's,Alaska,West,4042,12,124.0,839,53401,49.89,0.81,19916.960000000003
2021-06,Street Footwear,Men's,Arizona,West,6063,18,135.0,975,45916,55.449999999999996,1.23,17406.04
2021-06,Street Footwear,Men's,Arkansas,South,6063,18,104.0,1114,40916,46.32,1.34,17361.52
2021-06,Street Footwear,Men's,Connecticut,Northeast,6063,18,145.0,1006,51364,68.29936000000001,1.4200000000000002,22434.9
2021-06,Street Footwear,Men's,Delaware,Northeast,4042,12,106.0,839,45388,42.70946153846154,0.8099999999999999,16946.09
2021-06,Street Footwear,Men's,Florida,Southeast,6063,18,176.0,1320,80827,62.94963636363636,1.0699999999999998,26560.55
2021-06,Street Footwear,Men's,Georgia,Southeast,6063,18,131.0,1054,48951,59.43,1.36,20846.03
2021-06,Street Footwear,Men's,Hawaii,West,4042,12,137.0,935,64820,44.3,0.65,18315.5
2021-06,Street Footwear,Men's,Idaho,West,6063,18,118.0,1178,49163,48.11,1.22,18570.34
2021-06,Street Footwear,Men's,Illinois,Midwest,20210,60,498.0,3158,159133,231.87,4.67,68155.42
2021-06,Street Footwear,Men's,Indiana,Midwest,4042,12,76.0,730,28580,35.800000000000004,0.9500000000000001,12269.0
2021-06,Street Footwear,Men's,Iowa,Midwest,4042,12,67.0,662,22759,23.939999999999998,0.72,7353.78
2021-06,Street Footwear,Men's,Kansas,Midwest,4042,12,77.0,719,28328,32.5,0.85,10714.0
2021-06,Street Footwear,Men's,Kentucky,Southeast,4042,12,76.0,667,26112,34.0,0.9,10956.0
2021-06,Street Footwear,Men's,Louisiana,South,6063,18,165.0,1329,75916,75.67,1.38,32790.88
2021-06,Street Footwear,Men's,Maryland,Northeast,4042,12,97.0,625,30874,43.4992,0.9,12937.1
2021-06,Street Footwear,Men's,Massachusetts,Northeast,6063,18,145.0,926,47173,51.56947826086956,1.0699999999999998,15482.699999999999
2021-06,Street Footwear,Men's,Michigan,Midwest,4042,12,107.0,1031,56086,59.739393939393935,1.12,29328.44
2021-06,Street Footwear,Men's,Mississippi,South,6063,18,120.0,1223,51142,54.51946666666667,1.36,21891.72
2021-06,Street Footwear,Men's,Missouri,Midwest,4042,12,67.0,768,26376,31.28,0.9400000000000001,11303.04
2021-06,Street Footwear,Men's,Nebraska,Midwest,20210,60,409.0,2795,116683,189.43,4.65,49909.87
2021-06,Street Footwear,Men's,New Hampshire,Northeast,6063,18,168.0,1060,63350,77.51,1.3900000000000001,27206.47
2021-06,Street Footwear,Men's,New Jersey,Northeast,4042,12,95.0,756,37019,38.199416666666664,0.8099999999999999,13728.849999999999
2021-06,Street Footwear,Men's,New Mexico,West,6063,18,144.0,1127,57344,58.64,1.22,21774.2
2021-06,Street Footwear,Men's,New York,Northeast,4042,12,119.0,1138,68017,60.04,1.01,32314.52
2021-06,Street Footwear,Men's,North Carolina,Southeast,4042,12,96.0,1188,58447,45.299578947368424,0.9500000000000001,25021.000000000004
2021-06,Street Footwear,Men's,North Dakota,Midwest,4042,12,76.0,625,24500,30.2,0.7999999999999999,9025.0
2021-06,Street Footwear,Men's,Ohio,Midwest,4042,12,99.0,1032,51367,45.9695,0.93,22024.64
2021-06,Street Footwear,Men's,Oklahoma,South,6063,18,110.0,948,36072,50.1,1.37,15449.52
2021-06,Street Footwear,Men's,Oregon,West,6063,18,149.0,1240,64419,60.57954838709677,1.22,24462.75
2021-06,Street Footwear,Men's,Rhode Island,Northeast,6063,18,133.0,864,40321,53.04936363636364,1.2,15077.75
2021-06,Street Footwear,Men's,South Carolina,Southeast,4042,12,106.0,1323,71672,53.30957142857143,1.01,33783.93
2021-06,Street Footwear,Men's,South Dakota,Midwest,4042,12,86.0,635,28035,34.61,0.8099999999999999,10421.099999999999
2021-06,Street Footwear,Men's,Utah,West,6063,18,79.0,1040,28964,35.31,1.34,12277.2
2021-06,Street Footwear,Men's,Vermont,Northeast,6063,18,165.0,1008,57619,83.67,1.52,27524.170000000002
2021-06,Street Footwear,Men's,Virginia,Southeast,6063,18,145.0,1241,63594,57.849548387096775,1.19,23912.2
2021-06,Street Footwear,Men's,West Virginia,Northeast,4042,12,88.0,750,33450,40.36,0.92,14154.0
2021-06,Street Footwear,Men's,Wisconsin,Midwest,4042,12,67.0,710,24370,24.580000000000002,0.74,8027.8
2021-06,Street Footwear,Men's,Wyoming,West,4042,12,96.0,1097,53862,53.980000000000004,1.13,28408.06
2021-06,Street Footwear,Women's,Alaska,West,4042,12,108.0,406,22168,32.83,0.61,6014.23
2021-06,Street Footwear,Women's,Arizona,West,6063,18,147.0,760,39190,57.78,1.18,14601.11
2021-06,Street Footwear,Women's,Arkansas,South,6063,18,106.0,628,23424,49.120000000000005,1.3900000000000001,10096.48
2021-06,Street Footwear,Women's,California,West,6063,18,91.0,452,14537,36.65,1.21,5496.91
2021-06,Street Footwear,Women's,Connecticut,Northeast,6063,18,122.0,483,20514,43.949999999999996,1.0799999999999998,6803.099999999999
2021-06,Street Footwear,Women's,Delaware,Northeast,4042,12,88.0,410,18280,40.790000000000006,0.93,7787.15
2021-06,Street Footwear,Women's,Florida,Southeast,6063,18,225.0,1148,90580,79.69999999999999,1.06,29786.4
2021-06,Street Footwear,Women's,Georgia,Southeast,6063,18,146.0,825,42421,59.03,1.21,15992.13
2021-06,Street Footwear,Women's,Hawaii,West,4042,12,146.0,780,57780,44.31,0.61,15850.8
2021-06,Street Footwear,Women's,Idaho,West,6063,18,131.0,960,44502,54.0,1.24,17018.28
2021-06,Street Footwear,Women's,Illinois,Midwest,16168,48,319.0,990,39761,128.94,3.25,14816.39
2021-06,Street Footwear,Women's,Indiana,Midwest,4042,12,57.0,250,7350,22.65,0.7999999999999999,2707.5
2021-06,Street Footwear,Women's,Iowa,Midwest,4042,12,48.00000000000001,250,6150,17.85,0.75,2017.5
2021-06,Street Footwear,Women's,Kansas,Midwest,4042,12,77.0,381,14997,31.02,0.8099999999999999,5578.62
2021-06,Street Footwear,Women's,Kentucky,Southeast,4042,12,58.0,281,8318,27.400000000000002,0.9500000000000001,3562.4
2021-06,Street Footwear,Women's,Louisiana,South,6063,18,223.0,1113,87899,103.84999999999998,1.3899999999999997,38148.95
2021-06,Street Footwear,Women's,Maryland,Northeast,4042,12,77.0,222,8739,32.5,0.85,3319.5
2021-06,Street Footwear,Women's,Massachusetts,Northeast,6063,18,123.0,393,16806,37.53,0.9199999999999999,4677.66
2021-06,Street Footwear,Women's,Michigan,Midwest,4042,12,86.0,688,30408,31.54,0.74,9914.52
2021-06,Street Footwear,Women's,Mississippi,South,6063,18,119.0,775,32419,55.730000000000004,1.4100000000000001,14157.91
2021-06,Street Footwear,Women's,Missouri,Midwest,4042,12,48.00000000000001,488,11974,20.02,0.84,4554.76
2021-06,Street Footwear,Women's,Nebraska,Midwest,20210,60,300.0,924,28958,121.91,4.08,10816.45
2021-06,Street Footwear,Women's,New Hampshire,Northeast,6063,18,151.0,547,28601,55.3,1.1,9514.48
2021-06,Street Footwear,Women's,New Jersey,Northeast,4042,12,78.0,344,13622,36.14,0.93,5789.66
2021-06,Street Footwear,Women's,New Mexico,West,6063,18,155.0,892,48959,64.4,1.25,18738.2
2021-06,Street Footwear,Women's,New York,Northeast,4042,12,98.0,750,37200,30.74,0.63,10236.0
2021-06,Street Footwear,Women's,North Carolina,Southeast,4042,12,97.0,844,41693,45.38,0.9400000000000001,17789.22
2021-06,Street Footwear,Women's,North Dakota,Midwest,4042,12,57.0,260,7620,19.8,0.7,2448.0
2021-06,Street Footwear,Women's,Ohio,Midwest,4042,12,99.0,667,33208,46.46,0.9400000000000001,14257.32
2021-06,Street Footwear,Women's,Oklahoma,South,6063,18,103.0,520,19057,46.330000000000005,1.35,8089.63
2021-06,Street Footwear,Women's,Oregon,West,6063,18,211.0,1047,77766,84.55,1.2,29280.68
2021-06,Street Footwear,Women's,Rhode Island,Northeast,6063,18,111.0,364,13903,50.89,1.37,5988.81
2021-06,Street Footwear,Women's,South Carolina,Southeast,4042,12,97.0,984,48573,29.419999999999998,0.61,13223.779999999999
2021-06,Street Footwear,Women's,South Dakota,Midwest,4042,12,67.0,254,8728,24.259999999999998,0.73,2843.04
2021-06,Street Footwear,Women's,Utah,West,6063,18,52.00000000000001,668,12349,21.12,1.21,4661.33
2021-06,Street Footwear,Women's,Vermont,Northeast,6063,18,130.0,510,23535,52.3,1.21,8820.25
2021-06,Street Footwear,Women's,Virginia,Southeast,6063,18,211.0,1053,78299,84.5,1.2,29496.48
2021-06,Street Footwear,Women's,West Virginia,Northeast,4042,12,68.0,381,13173,31.82,0.9400000000000001,5643.42
2021-06,Street Footwear,Women's,Wisconsin,Midwest,4042,12,49.00000000000001,252,6248,18.060000000000002,0.74,2049.12
2021-06,Street Footwear,Women's,Wyoming,West,4042,12,78.0,656,25978,31.099999999999994,0.7999999999999999,9590.099999999999
2021-07,Apparel,Men's,Alaska,West,4042,14,126.0,416,26676,40.04,0.64,7446.139999999999
2021-07,Apparel,Men's,Arizona,West,6063,21,147.0,698,35831,53.66,1.1,12020.58
2021-07,Apparel,Men's,Arkansas,South,6063,21,155.0,693,38005,63.95,1.24,14516.05
2021-07,Apparel,Men's,Connecticut,Northeast,6063,21,151.0,474,24791,54.009,1.0699999999999998,8158.29
2021-07,Apparel,Men's,Delaware,Northeast,4042,14,106.0,419,22668,37.409076923076924,0.71,7327.74
2021-07,Apparel,Men's,Florida,Southeast,6063,21,252.0,1053,93249,62.44,0.74,21015.28
2021-07,Apparel,Men's,Georgia,Southeast,6063,21,148.0,775,39895,59.99,1.21,15121.55
2021-07,Apparel,Men's,Hawaii,West,4042,14,165.0,699,58670,36.75,0.44999999999999996,10588.5
2021-07,Apparel,Men's,Idaho,West,6063,21,151.0,829,43257,61.89,1.23,16414.489999999998
2021-07,Apparel,Men's,Illinois,Midwest,20210,70,507.0,1139,57927,208.98,4.14,21769.239999999998
2021-07,Apparel,Men's,Indiana,Midwest,4042,14,106.0,250,13550,37.92,0.72,4371.0
2021-07,Apparel,Men's,Iowa,Midwest,4042,14,96.0,260,12760,52.6,1.1,6656.0
2021-07,Apparel,Men's,Kansas,Midwest,4042,14,116.0,416,24596,46.76,0.8099999999999999,9169.16
2021-07,Apparel,Men's,Kentucky,Southeast,4042,14,96.0,325,15950,38.66,0.8099999999999999,5962.0
2021-07,Apparel,Men's,Louisiana,South,6063,21,254.0,1060,94137,128.4,1.52,45119.990000000005
2021-07,Apparel,Men's,Maryland,Northeast,4042,14,96.0,226,11095,35.69828571428571,0.75,3680.3999999999996
2021-07,Apparel,Men's,Massachusetts,Northeast,6063,21,149.0,398,20633,47.129,0.95,5859.61
2021-07,Apparel,Men's,Michigan,Midwest,4042,14,114.0,693,40722,51.54,0.9099999999999999,17138.219999999998
2021-07,Apparel,Men's,Mississippi,South,6063,21,165.0,800,45750,66.34,1.2,17301.0
2021-07,Apparel,Men's,Missouri,Midwest,4042,14,77.0,469,18478,32.129999999999995,0.84,6954.22
2021-07,Apparel,Men's,Nebraska,Midwest,20210,70,406.0,571,24666,166.13416666666666,4.12,9233.56
2021-07,Apparel,Men's,New Hampshire,Northeast,6063,21,172.0,571,34463,61.489999999999995,1.08,11403.61
2021-07,Apparel,Men's,New Jersey,Northeast,4042,14,98.0,349,17301,35.63890909090909,0.73,5652.0599999999995
2021-07,Apparel,Men's,New Mexico,West,6063,21,157.0,805,44665,55.31,1.05,14601.95
2021-07,Apparel,Men's,New York,Northeast,4042,14,127.0,768,49416,51.269999999999996,0.8099999999999999,18441.36
2021-07,Apparel,Men's,North Carolina,Southeast,4042,14,124.0,882,56238,51.66,0.84,21186.62
2021-07,Apparel,Men's,North Dakota,Midwest,4042,14,99.0,260,12940,40.04,0.8099999999999999,4852.4
2021-07,Apparel,Men's,Ohio,Midwest,4042,14,124.0,704,44836,49.89,0.8099999999999999,16692.059999999998
2021-07,Apparel,Men's,Oklahoma,South,6063,21,162.0,564,31770,65.77,1.22,12054.8
2021-07,Apparel,Men's,Oregon,West,6063,21,242.0,954,80568,109.28,1.36,34345.44
2021-07,Apparel,Men's,Rhode Island,Northeast,6063,21,130.0,356,16454,45.01866666666666,1.04,5322.0599999999995
2021-07,Apparel,Men's,South Carolina,Southeast,4042,14,129.0,1040,67360,51.55,0.7999999999999999,25112.0
2021-07,Apparel,Men's,South Dakota,Midwest,4042,14,99.0,252,12548,40.04,0.8099999999999999,4672.08
2021-07,Apparel,Men's,Utah,West,6063,21,95.0,693,22891,37.61,1.19,8580.01
2021-07,Apparel,Men's,Vermont,Northeast,6063,21,153.0,533,29022,61.2,1.2,10900.2
2021-07,Apparel,Men's,Virginia,Southeast,6063,21,247.0,972,82890,113.71000000000001,1.3800000000000001,35675.1
2021-07,Apparel,Men's,West Virginia,Northeast,4042,14,114.0,387,22698,53.16,0.9400000000000001,9736.92
2021-07,Apparel,Men's,Wisconsin,Midwest,4042,14,98.0,250,12400,54.760000000000005,1.12,6488.0
2021-07,Apparel,Men's,Wyoming,West,4042,14,98.0,662,32826,35.16,0.72,10636.92
2021-07,Apparel,Women's,Alaska,West,4042,14,137.0,630,43710,51.14999999999999,0.75,14419.5
2021-07,Apparel,Women's,Arizona,West,6063,21,183.0,693,44661,56.760000000000005,0.9299999999999999,12570.08
2021-07,Apparel,Women's,Arkansas,South,6063,21,178.0,948,58350,83.02000000000001,1.4000000000000001,25257.0
2021-07,Apparel,Women's,Connecticut,Northeast,6063,21,156.0,770,42588,63.08,1.21,16129.24
2021-07,Apparel,Women's,Delaware,Northeast,4042,14,115.0,645,37975,51.5,0.9,15987.5
2021-07,Apparel,Women's,Florida,Southeast,6063,21,286.0,1008,102588,142.32,1.49,48432.66
2021-07,Apparel,Women's,Georgia,Southeast,6063,21,188.0,775,50838,57.75,0.9199999999999999,14275.31
2021-07,Apparel,Women's,Hawaii,West,4042,14,196.0,704,69784,89.92,0.92,29687.68
2021-07,Apparel,Women's,Idaho,West,6063,21,180.0,1272,78776,110.00000000000001,1.83,45729.04000000001
2021-07,Apparel,Women's,Illinois,Midwest,20210,70,553.0,2082,116178,309.988,5.63,61134.61
2021-07,Apparel,Women's,Indiana,Midwest,4042,14,114.0,476,27954,51.54,0.91,11781.54
2021-07,Apparel,Women's,Iowa,Midwest,4042,14,106.0,469,25419,47.5,0.9,10647.0
2021-07,Apparel,Women's,Kansas,Midwest,4042,14,125.0,640,40900,52.15,0.84,15491.0
2021-07,Apparel,Women's,Kentucky,Southeast,4042,14,105.0,540,29125,49.0,0.9400000000000001,12455.0
2021-07,Apparel,Women's,Louisiana,South,6063,21,294.0,1021,105137,121.14999999999999,1.24,39991.4
2021-07,Apparel,Women's,Maryland,Northeast,4042,14,109.0,452,24757,39.17914285714286,0.72,8088.0599999999995
2021-07,Apparel,Women's,Massachusetts,Northeast,6063,21,156.0,685,37952,54.22,1.04,12338.64
2021-07,Apparel,Women's,Michigan,Midwest,4042,14,127.0,935,60145,78.53000000000002,1.2400000000000002,34902.55
2021-07,Apparel,Women's,Mississippi,South,6063,21,175.0,1060,64852,95.68,1.6400000000000001,33914.19
2021-07,Apparel,Women's,Missouri,Midwest,4042,14,86.0,710,31310,47.51,1.1099999999999999,16376.6
2021-07,Apparel,Women's,Nebraska,Midwest,24252,84,563.0,1735,83699,314.9021666666667,6.72,43899.33
2021-07,Apparel,Women's,New Hampshire,Northeast,6063,21,181.0,825,53179,74.66,1.24,20223.22
2021-07,Apparel,Women's,New Jersey,Northeast,4042,14,109.0,581,31823,50.61911111111111,0.93,13648.82
2021-07,Apparel,Women's,New Mexico,West,6063,21,193.0,800,55000,60.650000000000006,0.95,15554.6
2021-07,Apparel,Women's,New York,Northeast,4042,14,136.0,969,67054,77.9,1.15,35447.6
2021-07,Apparel,Women's,North Carolina,Southeast,4042,14,134.0,1138,78082,75.32,1.13,41229.16
2021-07,Apparel,Women's,North Dakota,Midwest,4042,14,109.0,473,25917,51.160000000000004,0.9400000000000001,11107.68
2021-07,Apparel,Women's,Ohio,Midwest,4042,14,139.0,906,63239,78.47,1.13,33243.07
2021-07,Apparel,Women's,Oklahoma,South,6063,21,171.0,830,50122,80.09,1.4100000000000001,21774.93
2021-07,Apparel,Women's,Oregon,West,6063,21,280.0,954,93462,99.54,1.0699999999999998,30580.2
2021-07,Apparel,Women's,Rhode Island,Northeast,6063,21,143.0,652,32967,62.959,1.32,13870.16
2021-07,Apparel,Women's,South Carolina,Southeast,4042,14,136.0,1219,84354,77.9,1.15,44592.6
2021-07,Apparel,Women's,South Dakota,Midwest,4042,14,108.0,469,25607,50.09,0.93,10890.46
2021-07,Apparel,Women's,Utah,West,6063,21,110.0,954,36228,62.3,1.7000000000000002,19295.4
2021-07,Apparel,Women's,Vermont,Northeast,6063,21,175.0,800,48700,80.75,1.39,20995.249999999996
2021-07,Apparel,Women's,Virginia,Southeast,6063,21,283.0,966,95532,96.96,1.03,30845.16
2021-07,Apparel,Women's,West Virginia,Northeast,4042,14,128.0,608,39254,60.019999999999996,0.9400000000000001,16874.66
2021-07,Apparel,Women's,Wisconsin,Midwest,4042,14,107.0,469,25513,50.08,0.9400000000000001,10889.52
2021-07,Apparel,Women's,Wyoming,West,4042,14,106.0,896,48496,32.11,0.61,13223.56
2021-07,Athletic Footwear,Men's,Alaska,West,4042,14,119.0,536,32049,48.730000000000004,0.8200000000000001,12003.03
2021-07,Athletic Footwear,Men's,Arizona,West,6063,21,145.0,830,42495,65.9,1.37,18170.2
2021-07,Athletic Footwear,Men's,Arkansas,South,6063,21,133.0,835,39027,51.97,1.17,14467.71
2021-07,Athletic Footwear,Men's,Connecticut,Northeast,6063,21,136.0,632,29936,61.400000000000006,1.35,12764.48
2021-07,Athletic Footwear,Men's,Delaware,Northeast,4042,14,97.0,544,26843,38.64999999999999,0.7999999999999999,9954.349999999999
2021-07,Athletic Footwear,Men's,Florida,Southeast,6063,21,257.0,1238,110512,79.67,0.93,31181.86
2021-07,Athletic Footwear,Men's,Georgia,Southeast,6063,21,143.0,921,46849,65.03,1.37,20094.190000000002
2021-07,Athletic Footwear,Men's,Hawaii,West,4042,14,166.0,832,69992,44.540000000000006,0.54,16062.28
2021-07,Athletic Footwear,Men's,Idaho,West,6063,21,147.0,1248,63969,66.24,1.3499999999999999,27173.28
2021-07,Athletic Footwear,Men's,Illinois,Midwest,24252,84,543.0,2162,99155,221.28,4.91,37102.85
2021-07,Athletic Footwear,Men's,Indiana,Midwest,4042,14,99.00000000000001,384,19116,44.5,0.9,8058.0
2021-07,Athletic Footwear,Men's,Iowa,Midwest,4042,14,89.0,387,17328,37.31,0.84,6600.72
2021-07,Athletic Footwear,Men's,Kansas,Midwest,4042,14,99.0,544,27081,42.0,0.85,10353.0
2021-07,Athletic Footwear,Men's,Kentucky,Southeast,4042,14,89.0,445,19930,37.31,0.84,7560.7
2021-07,Athletic Footwear,Men's,Louisiana,South,6063,21,254.0,1201,106542,119.41999999999999,1.4099999999999997,46415.159999999996
2021-07,Athletic Footwear,Men's,Maryland,Northeast,4042,14,87.0,347,15399,35.91,0.83,5782.77
2021-07,Athletic Footwear,Men's,Massachusetts,Northeast,6063,21,135.0,560,26425,49.39,1.1,8860.95
2021-07,Athletic Footwear,Men's,Michigan,Midwest,4042,14,108.0,839,45767,49.03,0.9099999999999999,19408.67
2021-07,Athletic Footwear,Men's,Mississippi,South,6063,21,150.0,948,49332,59.06,1.18,18334.92
2021-07,Athletic Footwear,Men's,Missouri,Midwest,4042,14,68.0,630,21790,27.759999999999998,0.82,8141.3
2021-07,Athletic Footwear,Men's,Nebraska,Midwest,20210,70,349.0,1306,48229,143.44,4.12,18155.61
2021-07,Athletic Footwear,Men's,New Hampshire,Northeast,6063,21,162.0,730,41208,72.18,1.34,17483.82
2021-07,Athletic Footwear,Men's,New Jersey,Northeast,4042,14,87.0,473,20991,36.75,0.85,7964.25
2021-07,Athletic Footwear,Men's,New Mexico,West,6063,21,161.0,990,55530,73.59,1.37,23906.7
2021-07,Athletic Footwear,Men's,New York,Northeast,4042,14,116.0,896,52976,46.199999999999996,0.7999999999999999,19639.199999999997
2021-07,Athletic Footwear,Men's,North Carolina,Southeast,4042,14,118.0,1024,60992,50.0,0.85,23296.0
2021-07,Athletic Footwear,Men's,North Dakota,Midwest,4042,14,89.0,384,17196,32.42,0.73,5639.28
2021-07,Athletic Footwear,Men's,Ohio,Midwest,4042,14,116.0,845,49920,47.31999999999999,0.82,18782.4
2021-07,Athletic Footwear,Men's,Oklahoma,South,6063,21,130.0,702,32490,53.3,1.23,12303.0
2021-07,Athletic Footwear,Men's,Oregon,West,6063,21,241.0,1113,93982,98.50999999999999,1.23,35752.22
2021-07,Athletic Footwear,Men's,Rhode Island,Northeast,6063,21,118.0,520,21594,48.09,1.22,8129.01
2021-07,Athletic Footwear,Men's,South Carolina,Southeast,4042,14,118.0,1170,69660,49.42,0.84,26573.4
2021-07,Athletic Footwear,Men's,South Dakota,Midwest,4042,14,89.0,381,17064,33.3,0.75,5653.8
2021-07,Athletic Footwear,Men's,Utah,West,6063,21,79.00000000000001,892,24780,32.22,1.22,9421.8
2021-07,Athletic Footwear,Men's,Vermont,Northeast,6063,21,148.0,685,35330,74.31,1.51,16848.15
2021-07,Athletic Footwear,Men's,Virginia,Southeast,6063,21,231.0,1127,92883,94.8,1.23,35378.7
2021-07,Athletic Footwear,Men's,West Virginia,Northeast,4042,14,105.00000000000001,516,27800,48.5,0.93,11874.0
2021-07,Athletic Footwear,Men's,Wisconsin,Midwest,4042,14,87.0,387,17154,36.33,0.84,6515.46
2021-07,Athletic Footwear,Men's,Wyoming,West,4042,14,89.0,788,35297,32.42,0.73,11521.46
2021-07,Athletic Footwear,Women's,Alaska,West,4042,14,106.0,375,20325,33.129999999999995,0.63,5578.5
2021-07,Athletic Footwear,Women's,Arizona,West,6063,21,134.0,589,27666,52.78,1.18,10289.94
2021-07,Athletic Footwear,Women's,Arkansas,South,6063,21,121.0,636,26956,55.190000000000005,1.37,11574.24
2021-07,Athletic Footwear,Women's,Connecticut,Northeast,6063,21,121.0,449,18931,44.22,1.1,6341.46
2021-07,Athletic Footwear,Women's,Delaware,Northeast,4042,14,88.0,390,17370,40.79,0.93,7451.1
2021-07,Athletic Footwear,Women's,Florida,Southeast,6063,21,231.0,966,79734,81.72999999999999,1.06,26168.22
2021-07,Athletic Footwear,Women's,Georgia,Southeast,6063,21,135.0,681,32130,61.010000000000005,1.36,13749.28
2021-07,Athletic Footwear,Women's,Hawaii,West,4042,14,153.0,630,49490,49.2,0.65,13796.0
2021-07,Athletic Footwear,Women's,Idaho,West,6063,21,135.0,820,38693,75.22,1.67,20428.08
2021-07,Athletic Footwear,Women's,Illinois,Midwest,20210,70,407.0,1137,46452,186.75,4.61,19695.61
2021-07,Athletic Footwear,Women's,Indiana,Midwest,4042,14,87.0,224,9933,35.489999999999995,0.82,3723.51
2021-07,Athletic Footwear,Women's,Iowa,Midwest,4042,14,77.0,222,8739,27.17,0.71,2812.99
2021-07,Athletic Footwear,Women's,Kansas,Midwest,4042,14,88.0,375,16725,36.82,0.84,6305.25
2021-07,Athletic Footwear,Women's,Kentucky,Southeast,4042,14,77.0,288,11331,35.980000000000004,0.9400000000000001,4858.74
2021-07,Athletic Footwear,Women's,Louisiana,South,6063,21,238.0,966,80724,110.34,1.39,34926.12
2021-07,Athletic Footwear,Women's,Maryland,Northeast,4042,14,76.0,195,7620,30.919999999999998,0.82,2861.4
2021-07,Athletic Footwear,Women's,Massachusetts,Northeast,6063,21,123.0,358,15207,37.97,0.9299999999999999,4256.05
2021-07,Athletic Footwear,Women's,Michigan,Midwest,4042,14,97.0,683,33676,38.65,0.7999999999999999,12529.2
2021-07,Athletic Footwear,Women's,Mississippi,South,6063,21,131.0,742,34421,59.63,1.36,14683.73
2021-07,Athletic Footwear,Women's,Missouri,Midwest,4042,14,59.0,476,14179,27.37,0.93,6052.37
2021-07,Athletic Footwear,Women's,Nebraska,Midwest,20210,70,292.0,642,19908,135.79000000000002,4.66,8525.65
2021-07,Athletic Footwear,Women's,New Hampshire,Northeast,6063,21,147.0,517,26553,53.47,1.0899999999999999,8805.25
2021-07,Athletic Footwear,Women's,New Jersey,Northeast,4042,14,76.0,313,12268,35.44,0.9400000000000001,5224.72
2021-07,Athletic Footwear,Women's,New Mexico,West,6063,21,148.0,734,37851,59.92999999999999,1.22,14383.619999999999
2021-07,Athletic Footwear,Women's,New York,Northeast,4042,14,108.0,725,39575,39.29,0.73,12906.0
2021-07,Athletic Footwear,Women's,North Carolina,Southeast,4042,14,107.0,878,47681,48.52,0.91,20233.56
2021-07,Athletic Footwear,Women's,North Dakota,Midwest,4042,14,78.0,228,9014,28.34,0.73,2966.02
2021-07,Athletic Footwear,Women's,Ohio,Midwest,4042,14,108.0,677,36931,50.620000000000005,0.9400000000000001,15900.240000000002
2021-07,Athletic Footwear,Women's,Oklahoma,South,6063,21,122.0,517,21962,56.290000000000006,1.3900000000000001,9468.970000000001
2021-07,Athletic Footwear,Women's,Oregon,West,6063,21,228.0,886,70711,94.12,1.24,27133.609999999997
2021-07,Athletic Footwear,Women's,Rhode Island,Northeast,6063,21,108.0,318,12006,49.5,1.3800000000000001,5171.52
2021-07,Athletic Footwear,Women's,South Carolina,Southeast,4042,14,107.0,977,53129,38.34,0.72,17199.18
2021-07,Athletic Footwear,Women's,South Dakota,Midwest,4042,14,78.0,219,8672,28.34,0.73,2818.96
2021-07,Athletic Footwear,Women's,Utah,West,6063,21,64.0,668,15318,29.02,1.37,6535.06
2021-07,Athletic Footwear,Women's,Vermont,Northeast,6063,21,132.0,486,22596,55.16,1.26,8730.119999999999
2021-07,Athletic Footwear,Women's,Virginia,Southeast,6063,21,232.0,886,71123,94.77,1.23,27087.879999999997
2021-07,Athletic Footwear,Women's,West Virginia,Northeast,4042,14,98.0,352,17446,44.480000000000004,0.91,7384.96
2021-07,Athletic Footwear,Women's,Wisconsin,Midwest,4042,14,78.0,226,8938,27.96,0.72,2913.96
2021-07,Athletic Footwear,Women's,Wyoming,West,4042,14,79.0,650,25850,32.33,0.82,9749.5
2021-07,Street Footwear,Men's,Alaska,West,4042,14,128.0,857,55341,51.730000000000004,0.81,20630.61
2021-07,Street Footwear,Men's,Arizona,West,6063,21,139.0,1087,51994,56.31,1.21,19715.260000000002
2021-07,Street Footwear,Men's,Arkansas,South,6063,21,144.0,1279,64843,63.379483870967746,1.32,27313.58
2021-07,Street Footwear,Men's,Connecticut,Northeast,6063,21,151.0,1034,54145,70.05938461538462,1.3900000000000001,23496.34
2021-07,Street Footwear,Men's,Delaware,Northeast,4042,14,108.0,857,46770,45.74948148148148,0.85,17816.4
2021-07,Street Footwear,Men's,Florida,Southeast,6063,21,241.0,1458,122859,88.67999999999999,1.1099999999999999,41304.24
2021-07,Street Footwear,Men's,Georgia,Southeast,6063,21,134.0,1139,53528,60.519999999999996,1.36,22816.36
2021-07,Street Footwear,Men's,Hawaii,West,4042,14,154.0,1008,79392,47.379999999999995,0.62,21695.04
2021-07,Street Footwear,Men's,Idaho,West,6063,21,133.0,1256,58406,60.099999999999994,1.3599999999999999,24958.399999999998
2021-07,Street Footwear,Men's,Illinois,Midwest,20210,70,524.0,3122,164563,241.43,4.62,69999.25
2021-07,Street Footwear,Men's,Indiana,Midwest,4042,14,106.0,699,37849,49.03,0.93,16127.470000000001
2021-07,Street Footwear,Men's,Iowa,Midwest,4042,14,99.0,688,34262,36.56,0.74,11225.28
2021-07,Street Footwear,Men's,Kansas,Midwest,4042,14,106.0,857,46406,44.74948148148148,0.85,17634.4
2021-07,Street Footwear,Men's,Kentucky,Southeast,4042,14,97.0,768,37896,45.85,0.9500000000000001,16342.8
2021-07,Street Footwear,Men's,Louisiana,South,6063,21,238.0,1476,123192,108.23999999999998,1.3599999999999999,52864.56
2021-07,Street Footwear,Men's,Maryland,Northeast,4042,14,99.0,656,32668,45.479238095238095,0.92,13837.48
2021-07,Street Footwear,Men's,Massachusetts,Northeast,6063,21,144.0,930,47459,50.549499999999995,1.0499999999999998,15373.499999999998
2021-07,Street Footwear,Men's,Michigan,Midwest,4042,14,117.0,1125,66825,64.2,1.1,34695.0
2021-07,Street Footwear,Men's,Mississippi,South,6063,21,165.0,1360,77401,75.2,1.37,33185.36
2021-07,Street Footwear,Men's,Missouri,Midwest,4042,14,76.0,953,37308,35.800000000000004,0.9500000000000001,16019.400000000001
2021-07,Street Footwear,Men's,Nebraska,Midwest,20210,70,416.0,2527,108425,192.16911111111114,4.65,46220.87
2021-07,Street Footwear,Men's,New Hampshire,Northeast,6063,21,178.0,1120,69020,80.5,1.35,29458.24
2021-07,Street Footwear,Men's,New Jersey,Northeast,4042,14,97.0,813,40085,39.589439999999996,0.82,15090.07
2021-07,Street Footwear,Men's,New Mexico,West,6063,21,150.0,1201,62380,60.61999999999999,1.21,23555.159999999996
2021-07,Street Footwear,Men's,New York,Northeast,4042,14,124.0,1197,76323,61.7,1.0,35802.65
2021-07,Street Footwear,Men's,North Carolina,Southeast,4042,14,125.0,1344,85890,56.0,0.9,36120.0
2021-07,Street Footwear,Men's,North Dakota,Midwest,4042,14,98.0,710,35180,41.019999999999996,0.84,13388.2
2021-07,Street Footwear,Men's,Ohio,Midwest,4042,14,128.0,1152,74376,58.760000000000005,0.92,31655.52
2021-07,Street Footwear,Men's,Oklahoma,South,6063,21,148.0,1120,57833,66.05942857142857,1.34,24429.88
2021-07,Street Footwear,Men's,Oregon,West,6063,21,224.0,1403,110275,92.87,1.25,42466.7
2021-07,Street Footwear,Men's,Rhode Island,Northeast,6063,21,134.0,915,43005,52.639391304347825,1.18,16017.169999999998
2021-07,Street Footwear,Men's,South Carolina,Southeast,4042,14,128.0,1461,94343,66.42,1.04,45197.37
2021-07,Street Footwear,Men's,South Dakota,Midwest,4042,14,97.0,704,34738,39.12,0.8099999999999999,12954.48
2021-07,Street Footwear,Men's,Utah,West,6063,21,97.0,1272,42560,43.72,1.35,18146.24
2021-07,Street Footwear,Men's,Vermont,Northeast,6063,21,159.0,1066,59733,81.18,1.54,28717.56
2021-07,Street Footwear,Men's,Virginia,Southeast,6063,21,224.0,1377,108715,91.45,1.22,41398.4
2021-07,Street Footwear,Men's,West Virginia,Northeast,4042,14,115.0,832,49010,52.599999999999994,0.92,20805.2
2021-07,Street Footwear,Men's,Wisconsin,Midwest,4042,14,95.0,699,34205,33.9,0.72,11066.1
2021-07,Street Footwear,Men's,Wyoming,West,4042,14,98.0,1103,54694,55.72,1.1400000000000001,28879.16
2021-07,Street Footwear,Women's,Alaska,West,4042,14,108.0,452,24656,32.83,0.61,6758.66
2021-07,Street Footwear,Women's,Arizona,West,6063,21,145.0,765,39031,58.43,1.21,14719.73
2021-07,Street Footwear,Women's,Arkansas,South,6063,21,120.0,716,30148,54.01,1.35,12834.38
2021-07,Street Footwear,Women's,Connecticut,Northeast,6063,21,118.0,517,21408,42.72,1.08,7050.12
2021-07,Street Footwear,Women's,Delaware,Northeast,4042,14,86.0,452,19932,40.14,0.9400000000000001,8558.28
2021-07,Street Footwear,Women's,Florida,Southeast,6063,21,253.0,1127,99890,90.82000000000001,1.08,32928.0
2021-07,Street Footwear,Women's,Georgia,Southeast,6063,21,146.0,846,43269,61.06,1.26,16624.29
2021-07,Street Footwear,Women's,Hawaii,West,4042,14,164.0,750,62850,49.69,0.61,17016.0
2021-07,Street Footwear,Women's,Idaho,West,6063,21,130.0,1444,66788,59.58,1.3699999999999999,28567.14
2021-07,Street Footwear,Women's,Illinois,Midwest,20210,70,407.0,1343,54828,164.39,4.06,20479.8
2021-07,Street Footwear,Women's,Indiana,Midwest,4042,14,87.0,293,12981,34.65,0.7999999999999999,4828.95
2021-07,Street Footwear,Women's,Iowa,Midwest,4042,14,76.0,293,11448,27.840000000000003,0.74,3777.12
2021-07,Street Footwear,Women's,Kansas,Midwest,4042,14,87.0,452,20034,35.07,0.8099999999999999,7483.139999999999
2021-07,Street Footwear,Women's,Kentucky,Southeast,4042,14,78.0,344,13622,35.760000000000005,0.92,5763.4400000000005
2021-07,Street Footwear,Women's,Louisiana,South,6063,21,254.0,1106,98630,119.03,1.41,42935.899999999994
2021-07,Street Footwear,Women's,Maryland,Northeast,4042,14,77.0,260,10220,32.129999999999995,0.84,3887.8
2021-07,Street Footwear,Women's,Massachusetts,Northeast,6063,21,118.0,440,18348,36.019999999999996,0.9199999999999999,5106.639999999999
2021-07,Street Footwear,Women's,Michigan,Midwest,4042,14,96.0,748,36708,35.699999999999996,0.75,12206.099999999999
2021-07,Street Footwear,Women's,Mississippi,South,6063,21,135.0,835,39282,59.54,1.32,16518.72
2021-07,Street Footwear,Women's,Missouri,Midwest,4042,14,59.0,553,16462,23.84,0.8099999999999999,6170.02
2021-07,Street Footwear,Women's,Nebraska,Midwest,20210,70,311.0,821,28143,129.16,4.17,10627.41
2021-07,Street Footwear,Women's,New Hampshire,Northeast,6063,21,146.0,612,31247,51.959999999999994,1.0699999999999998,10305.72
2021-07,Street Footwear,Women's,New Jersey,Northeast,4042,14,77.0,381,14997,35.24,0.92,6358.4400000000005
2021-07,Street Footwear,Women's,New Mexico,West,6063,21,157.0,881,48949,63.269999999999996,1.2,18471.93
2021-07,Street Footwear,Women's,New York,Northeast,4042,14,106.0,794,42994,31.599999999999998,0.6,11610.4
2021-07,Street Footwear,Women's,North Carolina,Southeast,4042,14,108.0,921,50263,51.150000000000006,0.9500000000000001,21663.4
2021-07,Street Footwear,Women's,North Dakota,Midwest,4042,14,77.0,284,11183,26.8,0.7,3573.2
2021-07,Street Footwear,Women's,Ohio,Midwest,4042,14,106.0,748,40448,48.010000000000005,0.91,17149.73
2021-07,Street Footwear,Women's,Oklahoma,South,6063,21,122.0,600,25334,55.95,1.37,10842.33
2021-07,Street Footwear,Women's,Oregon,West,6063,21,242.0,1034,87104,99.64,1.24,33189.58
2021-07,Street Footwear,Women's,Rhode Island,Northeast,6063,21,104.0,393,14511,47.39,1.37,6198.3
2021-07,Street Footwear,Women's,South Carolina,Southeast,4042,14,106.0,1073,58023,32.11,0.61,15897.029999999999
2021-07,Street Footwear,Women's,South Dakota,Midwest,4042,14,77.0,286,11257,27.54,0.72,3647.94
2021-07,Street Footwear,Women's,Utah,West,6063,21,68.0,770,18170,27.68,1.22,6909.38
2021-07,Street Footwear,Women's,Vermont,Northeast,6063,21,129.0,557,25605,51.79,1.2,9619.73
2021-07,Street Footwear,Women's,Virginia,Southeast,6063,21,238.0,1040,87048,93.75999999999999,1.18,32418.88
2021-07,Street Footwear,Women's,West Virginia,Northeast,4042,14,99.0,423,21052,45.97,0.93,9045.06
2021-07,Street Footwear,Women's,Wisconsin,Midwest,4042,14,78.0,286,11318,28.34,0.73,3696.74
2021-07,Street Footwear,Women's,Wyoming,West,4042,14,78.0,699,27662,32.239999999999995,0.83,10417.759999999998
2021-08,Apparel,Men's,Alabama,South,30315,120,525.0,2430,91281,228.41,6.529999999999999,37439.09
2021-08,Apparel,Men's,Alaska,West,4042,16,127.0,290,18655,39.81,0.63,5187.65
2021-08,Apparel,Men's,Arizona,West,6063,24,169.0,652,38964,60.34,1.08,12870.44
2021-08,Apparel,Men's,Arkansas,South,6063,24,138.0,601,28694,55.82,1.21,10892.66
2021-08,Apparel,Men's,Connecticut,Northeast,6063,24,149.0,314,16317,53.1285,1.0699999999999998,5346.36
2021-08,Apparel,Men's,Delaware,Northeast,4042,16,105.0,288,15524,38.998666666666665,0.75,5129.7
2021-08,Apparel,Men's,Florida,Southeast,6063,24,217.0,784,59040,54.06,0.75,13390.34
2021-08,Apparel,Men's,Georgia,Southeast,6063,24,176.0,716,43950,71.44,1.22,16650.9
2021-08,Apparel,Men's,Hawaii,West,4042,16,139.0,672,46893,29.130000000000003,0.42000000000000004,8251.11
2021-08,Apparel,Men's,Idaho,West,6063,24,146.0,774,39515,59.55,1.23,15044.189999999999
2021-08,Apparel,Men's,Illinois,Midwest,8084,32,235.0,449,26718,96.55,1.65,10037.9
2021-08,Apparel,Men's,Indiana,Midwest,4042,16,97.0,228,11241,36.14999999999999,0.75,3745.95
2021-08,Apparel,Men's,Iowa,Midwest,4042,16,98.0,226,11198,53.8,1.1,5843.8
2021-08,Apparel,Men's,Kansas,Midwest,4042,16,97.0,344,16993,41.0,0.85,6434.0
2021-08,Apparel,Men's,Kentucky,Southeast,4042,16,99.0,290,14435,41.50999999999999,0.84,5498.15
2021-08,Apparel,Men's,Louisiana,South,6063,24,176.0,765,46850,90.03905263157895,1.53,22604.74
2021-08,Apparel,Men's,Maryland,Northeast,4042,16,97.0,163,8035,36.1476,0.75,2678.3999999999996
2021-08,Apparel,Men's,Massachusetts,Northeast,6063,24,145.0,245,12489,43.04833333333333,0.89,3427.05
2021-08,Apparel,Men's,Michigan,Midwest,4042,16,87.0,635,28170,40.260000000000005,0.9299999999999999,12005.1
2021-08,Apparel,Men's,Mississippi,South,6063,24,131.0,730,33642,52.89999999999999,1.22,12722.999999999998
2021-08,Apparel,Men's,Missouri,Midwest,4042,16,69.0,381,13254,28.229999999999997,0.82,4969.379999999999
2021-08,Apparel,Men's,New Hampshire,Northeast,6063,24,169.0,403,24157,60.89999999999999,1.0799999999999998,8001.15
2021-08,Apparel,Men's,New Jersey,Northeast,4042,16,96.0,221,10865,34.778285714285715,0.73,3534.58
2021-08,Apparel,Men's,New Mexico,West,6063,24,185.0,761,49334,64.12,1.04,15942.04
2021-08,Apparel,Men's,New York,Northeast,4042,16,107.0,699,37998,44.21,0.83,14306.54
2021-08,Apparel,Men's,North Carolina,Southeast,4042,16,108.0,826,45078,44.69,0.83,16989.94
2021-08,Apparel,Men's,North Dakota,Midwest,4042,16,96.0,219,10774,38.66,0.8099999999999999,3993.54
2021-08,Apparel,Men's,Ohio,Midwest,4042,16,105.0,635,34250,43.75,0.84,12932.5
2021-08,Apparel,Men's,Oklahoma,South,6063,24,137.0,486,23007,53.45,1.17,8517.15
2021-08,Apparel,Men's,Oregon,West,6063,24,188.0,689,45278,84.71000000000001,1.35,19336.96
2021-08,Apparel,Men's,Rhode Island,Northeast,6063,24,132.0,196,9124,46.3176,1.06,2965.5
2021-08,Apparel,Men's,South Carolina,Southeast,4042,16,106.0,975,52725,42.709999999999994,0.8099999999999999,19716.0
2021-08,Apparel,Men's,South Dakota,Midwest,4042,16,97.0,221,10912,39.12,0.8099999999999999,4057.02
2021-08,Apparel,Men's,Texas,South,18189,72,314.0,1527,56546,101.41999999999999,2.91,16547.0
2021-08,Apparel,Men's,Utah,West,6063,24,82.0,564,16052,32.809999999999995,1.2,6053.429999999999
2021-08,Apparel,Men's,Vermont,Northeast,6063,24,160.0,362,20301,65.69999999999999,1.23,7747.889999999999
2021-08,Apparel,Men's,Virginia,Southeast,6063,24,185.0,663,43266,83.59,1.36,18389.24
2021-08,Apparel,Men's,West Virginia,Northeast,4042,16,99.0,318,15832,46.46000000000001,0.9400000000000001,6799.280000000001
2021-08,Apparel,Men's,Wisconsin,Midwest,4042,16,98.0,221,10958,56.2,1.15,5810.2
2021-08,Apparel,Men's,Wyoming,West,4042,16,97.0,640,31580,34.269999999999996,0.71,10197.8
2021-08,Apparel,Women's,Alabama,South,30315,120,459.0,4189,137378,294.32000000000005,9.64,84329.45000000001
2021-08,Apparel,Women's,Alaska,West,4042,16,137.0,504,34968,49.14,0.72,11326.56
2021-08,Apparel,Women's,Arizona,West,6063,24,183.0,600,38648,56.94,0.93,10767.14
2021-08,Apparel,Women's,Arkansas,South,6063,24,145.0,886,45120,66.8,1.3900000000000001,19446.4
2021-08,Apparel,Women's,Connecticut,Northeast,6063,24,159.0,604,33731,65.22,1.23,12835.779999999999
2021-08,Apparel,Women's,Delaware,Northeast,4042,16,119.0,520,31080,54.68,0.92,13281.6
2021-08,Apparel,Women's,Florida,Southeast,6063,24,226.0,483,38307,114.63000000000001,1.52,18384.66
2021-08,Apparel,Women's,Georgia,Southeast,6063,24,188.0,672,44242,55.8,0.8899999999999999,12125.699999999999
2021-08,Apparel,Women's,Hawaii,West,4042,16,147.0,438,32586,68.16,0.93,13858.08
2021-08,Apparel,Women's,Idaho,West,6063,24,158.0,1160,64600,96.56000000000002,1.8400000000000003,37536.880000000005
2021-08,Apparel,Women's,Illinois,Midwest,8084,32,254.99999999999997,696,44897,141.91633333333334,2.23,23518.92
2021-08,Apparel,Women's,Indiana,Midwest,4042,16,109.0,441,24164,50.620000000000005,0.93,10304.42
2021-08,Apparel,Women's,Iowa,Midwest,4042,16,108.0,448,24444,51.150000000000006,0.9500000000000001,10556.7
2021-08,Apparel,Women's,Kansas,Midwest,4042,16,107.0,563,30626,45.25,0.85,11600.5
2021-08,Apparel,Women's,Kentucky,Southeast,4042,16,106.0,520,28120,49.540000000000006,0.9400000000000001,12104.8
2021-08,Apparel,Women's,Louisiana,South,6063,24,179.0,492,31362,72.85,1.22,11911.259999999998
2021-08,Apparel,Women's,Maryland,Northeast,4042,16,108.0,381,20792,39.289,0.73,6795.69
2021-08,Apparel,Women's,Massachusetts,Northeast,6063,24,164.0,514,29286,60.199999999999996,1.0999999999999999,9802.9
2021-08,Apparel,Women's,Michigan,Midwest,4042,16,95.00000000000001,851,41670,58.1,1.23,23948.1
2021-08,Apparel,Women's,Mississippi,South,6063,24,150.0,1000,51984,85.05000000000001,1.7000000000000002,27768.15
2021-08,Apparel,Women's,Missouri,Midwest,4042,16,76.0,603,23608,43.400000000000006,1.15,12495.2
2021-08,Apparel,Women's,New Hampshire,Northeast,6063,24,180.0,676,43204,71.6,1.19,16068.880000000001
2021-08,Apparel,Women's,New Jersey,Northeast,4042,16,107.0,455,24709,49.55885714285715,0.93,10593.400000000001
2021-08,Apparel,Women's,New Mexico,West,6063,24,195.0,729,50220,61.349999999999994,0.95,14237.1
2021-08,Apparel,Women's,New York,Northeast,4042,16,115.0,943,55490,63.0,1.1,28944.0
2021-08,Apparel,Women's,North Carolina,Southeast,4042,16,114.0,1056,61974,64.56,1.1400000000000001,32733.36
2021-08,Apparel,Women's,North Dakota,Midwest,4042,16,109.0,445,24380,50.620000000000005,0.93,10418.9
2021-08,Apparel,Women's,Ohio,Midwest,4042,16,114.0,844,49626,62.94,1.1099999999999999,25816.86
2021-08,Apparel,Women's,Oklahoma,South,6063,24,145.0,765,38965,66.8,1.3900000000000001,16794.8
2021-08,Apparel,Women's,Oregon,West,6063,24,197.0,411,28451,72.47,1.1099999999999999,9566.960000000001
2021-08,Apparel,Women's,Rhode Island,Northeast,6063,24,145.0,483,24671,67.93866666666668,1.4100000000000001,10757.12
2021-08,Apparel,Women's,South Carolina,Southeast,4042,16,118.0,1203,71624,65.38,1.1099999999999999,37585.64
2021-08,Apparel,Women's,South Dakota,Midwest,4042,16,108.0,438,23914,48.5,0.9,10032.0
2021-08,Apparel,Women's,Texas,South,18189,72,279.0,2368,77349,144.59,4.67,38081.0
2021-08,Apparel,Women's,Utah,West,6063,24,94.0,861,28207,52.09,1.67,14937.66
2021-08,Apparel,Women's,Vermont,Northeast,6063,24,170.0,640,38328,76.03,1.3399999999999999,16208.56
2021-08,Apparel,Women's,Virginia,Southeast,6063,24,203.0,405,28625,71.86,1.06,9420.5
2021-08,Apparel,Women's,West Virginia,Northeast,4042,16,109.0,540,29585,51.16,0.9400000000000001,12703.4
2021-08,Apparel,Women's,Wisconsin,Midwest,4042,16,107.0,452,24554,48.519999999999996,0.91,10405.04
2021-08,Apparel,Women's,Wyoming,West,4042,16,107.0,871,47317,34.55,0.65,13358.05
2021-08,Athletic Footwear,Men's,Alabama,South,24252,96,312.0,4146,111112,151.17,5.859999999999999,51292.10999999999
2021-08,Athletic Footwear,Men's,Alaska,West,4042,16,116.0,531,31436,46.2,0.8,11596.2
2021-08,Athletic Footwear,Men's,Arizona,West,6063,24,163.0,926,52417,71.82,1.32,22059.3
2021-08,Athletic Footwear,Men's,Arkansas,South,6063,24,147.0,840,43321,59.629999999999995,1.22,16424.19
2021-08,Athletic Footwear,Men's,Connecticut,Northeast,6063,24,132.0,636,29536,61.02,1.3800000000000001,12722.560000000001
2021-08,Athletic Footwear,Men's,Delaware,Northeast,4042,16,97.0,553,27266,39.11999999999999,0.8099999999999999,10204.859999999999
2021-08,Athletic Footwear,Men's,Florida,Southeast,6063,24,222.0,1303,102307,64.4,0.87,27489.35
2021-08,Athletic Footwear,Men's,Georgia,Southeast,6063,24,162.0,1000,56450,72.64,1.34,23974.0
2021-08,Athletic Footwear,Men's,Hawaii,West,4042,16,146.0,943,69853,39.14,0.54,16137.52
2021-08,Athletic Footwear,Men's,Idaho,West,6063,24,145.0,1200,61020,66.0,1.3599999999999999,26034.6
2021-08,Athletic Footwear,Men's,Illinois,Midwest,8084,32,154.0,1296,45688,59.78,1.53,15626.2
2021-08,Athletic Footwear,Men's,Indiana,Midwest,4042,16,86.0,387,17067,40.14,0.9400000000000001,7326.18
2021-08,Athletic Footwear,Men's,Iowa,Midwest,4042,16,87.0,378,16776,35.06999999999999,0.8099999999999999,6231.96
2021-08,Athletic Footwear,Men's,Kansas,Midwest,4042,16,106.0,536,29036,42.199999999999996,0.7999999999999999,10728.699999999999
2021-08,Athletic Footwear,Men's,Kentucky,Southeast,4042,16,86.0,441,19481,35.019999999999996,0.82,7266.07
2021-08,Athletic Footwear,Men's,Louisiana,South,6063,24,219.0,1320,103120,98.35,1.3499999999999999,43856.009999999995
2021-08,Athletic Footwear,Men's,Maryland,Northeast,4042,16,86.0,358,15778,36.25,0.85,6032.75
2021-08,Athletic Footwear,Men's,Massachusetts,Northeast,6063,24,130.0,550,25332,44.83,1.03,8128.48
2021-08,Athletic Footwear,Men's,Michigan,Midwest,4042,16,105.0,845,45500,47.0,0.8999999999999999,19175.0
2021-08,Athletic Footwear,Men's,Mississippi,South,6063,24,149.0,966,50112,61.29,1.24,19153.92
2021-08,Athletic Footwear,Men's,Missouri,Midwest,4042,16,78.0,618,24434,31.48,0.8099999999999999,9149.64
2021-08,Athletic Footwear,Men's,Nebraska,Midwest,4042,16,59.0,871,25934,27.659999999999997,0.94,11169.359999999999
2021-08,Athletic Footwear,Men's,New Hampshire,Northeast,6063,24,157.0,720,40095,73.65,1.4100000000000001,17502.75
2021-08,Athletic Footwear,Men's,New Jersey,Northeast,4042,16,87.0,476,21117,35.489999999999995,0.82,7899.99
2021-08,Athletic Footwear,Men's,New Mexico,West,6063,24,169.0,1034,61962,76.56,1.36,26418.08
2021-08,Athletic Footwear,Men's,New York,Northeast,4042,16,115.0,910,53550,45.74999999999999,0.7999999999999999,19897.499999999996
2021-08,Athletic Footwear,Men's,North Carolina,Southeast,4042,16,118.0,1000,59600,47.099999999999994,0.7999999999999999,22020.0
2021-08,Athletic Footwear,Men's,North Dakota,Midwest,4042,16,87.0,390,17280,30.3,0.7,5562.0
2021-08,Athletic Footwear,Men's,Ohio,Midwest,4042,16,118.0,845,50310,47.67999999999999,0.8099999999999999,18852.6
2021-08,Athletic Footwear,Men's,Oklahoma,South,6063,24,143.0,703,35693,58.76,1.24,13546.71
2021-08,Athletic Footwear,Men's,Oregon,West,6063,24,218.0,1264,95580,91.28,1.26,37043.16
2021-08,Athletic Footwear,Men's,Rhode Island,Northeast,6063,24,118.0,527,21888,47.269999999999996,1.2,8222.67
2021-08,Athletic Footwear,Men's,South Carolina,Southeast,4042,16,114.0,1143,67122,47.459999999999994,0.84,25329.78
2021-08,Athletic Footwear,Men's,South Dakota,Midwest,4042,16,87.0,378,16776,32.4,0.75,5524.2
2021-08,Athletic Footwear,Men's,Texas,South,18189,72,279.0,3193,104128,109.82,3.54,37829.5
2021-08,Athletic Footwear,Men's,Utah,West,6063,24,97.0,835,27841,39.989999999999995,1.24,10629.67
2021-08,Athletic Footwear,Men's,Vermont,Northeast,6063,24,151.0,680,35400,78.38000000000001,1.56,17165.010000000002
2021-08,Athletic Footwear,Men's,Virginia,Southeast,6063,24,209.0,1217,90072,86.74,1.25,34411.36
2021-08,Athletic Footwear,Men's,West Virginia,Northeast,4042,16,87.0,390,17280,41.1,0.9500000000000001,7479.0
2021-08,Athletic Footwear,Men's,Wisconsin,Midwest,4042,16,88.0,384,17112,35.959999999999994,0.82,6422.639999999999
2021-08,Athletic Footwear,Men's,Wyoming,West,4042,16,88.0,788,35134,31.13,0.71,11311.19
2021-08,Athletic Footwear,Women's,Alabama,South,24252,96,330.0,2561,75010,196.13000000000002,7.15,42567.020000000004
2021-08,Athletic Footwear,Women's,Alaska,West,4042,16,108.0,318,17354,34.95,0.65,4879.1
2021-08,Athletic Footwear,Women's,Arizona,West,6063,24,150.0,632,32984,62.78999999999999,1.26,12720.96
2021-08,Athletic Footwear,Women's,Arkansas,South,6063,24,108.0,636,23884,48.55,1.35,10150.6
2021-08,Athletic Footwear,Women's,Connecticut,Northeast,6063,24,118.0,365,15217,40.87,1.04,4940.9
2021-08,Athletic Footwear,Women's,Delaware,Northeast,4042,16,86.0,313,13833,38.5,0.9,5791.5
2021-08,Athletic Footwear,Women's,Florida,Southeast,6063,24,221.0,765,58419,77.46,1.0499999999999998,19129.26
2021-08,Athletic Footwear,Women's,Georgia,Southeast,6063,24,150.0,712,36997,68.46000000000001,1.37,15830.380000000001
2021-08,Athletic Footwear,Women's,Hawaii,West,4042,16,137.0,667,46264,42.96,0.63,12802.82
2021-08,Athletic Footwear,Women's,Idaho,West,6063,24,131.0,761,35048,74.35000000000001,1.7000000000000002,18684.1
2021-08,Athletic Footwear,Women's,Illinois,Midwest,12126,48,264.0,1159,47377,121.69,2.77,20180.2
2021-08,Athletic Footwear,Women's,Indiana,Midwest,4042,16,78.0,260,10280,31.86,0.82,3871.6
2021-08,Athletic Footwear,Women's,Iowa,Midwest,4042,16,77.0,254,9998,27.17,0.71,3219.18
2021-08,Athletic Footwear,Women's,Kansas,Midwest,4042,16,77.0,390,15330,32.129999999999995,0.84,5831.7
2021-08,Athletic Footwear,Women's,Kentucky,Southeast,4042,16,78.0,325,12850,35.0,0.9,5425.0
2021-08,Athletic Footwear,Women's,Louisiana,South,6063,24,204.0,746,52962,95.07,1.4,22966.71
2021-08,Athletic Footwear,Women's,Maryland,Northeast,4042,16,77.0,194,7628,31.02,0.8099999999999999,2848.88
2021-08,Athletic Footwear,Women's,Massachusetts,Northeast,6063,24,118.0,284,11815,35.05,0.89,3243.31
2021-08,Athletic Footwear,Women's,Michigan,Midwest,4042,16,69.0,667,23203,27.549999999999997,0.7999999999999999,8603.85
2021-08,Athletic Footwear,Women's,Mississippi,South,6063,24,111.0,750,28696,49.72,1.34,12171.52
2021-08,Athletic Footwear,Women's,Missouri,Midwest,4042,16,49.00000000000001,416,10309,23.200000000000003,0.9500000000000001,4451.2
2021-08,Athletic Footwear,Women's,Nebraska,Midwest,4042,16,68.0,613,21179,38.620000000000005,1.1400000000000001,11227.06
2021-08,Athletic Footwear,Women's,New Hampshire,Northeast,6063,24,148.0,435,22493,51.36,1.04,7262.46
2021-08,Athletic Footwear,Women's,New Jersey,Northeast,4042,16,76.0,252,9872,34.36,0.91,4154.72
2021-08,Athletic Footwear,Women's,New Mexico,West,6063,24,161.0,770,43357,63.87,1.19,16258.59
2021-08,Athletic Footwear,Women's,New York,Northeast,4042,16,86.0,725,32025,29.9,0.7,10222.5
2021-08,Athletic Footwear,Women's,North Carolina,Southeast,4042,16,89.0,857,38383,41.32,0.93,16394.239999999998
2021-08,Athletic Footwear,Women's,North Dakota,Midwest,4042,16,78.0,252,9976,27.58,0.71,3210.16
2021-08,Athletic Footwear,Women's,Ohio,Midwest,4042,16,86.0,683,30103,38.91,0.91,12753.78
2021-08,Athletic Footwear,Women's,Oklahoma,South,6063,24,109.0,524,19808,48.68000000000001,1.34,8384.960000000001
2021-08,Athletic Footwear,Women's,Oregon,West,6063,24,188.0,672,44242,74.78,1.19,16566.82
2021-08,Athletic Footwear,Women's,Rhode Island,Northeast,6063,24,106.0,236,8806,48.080000000000005,1.36,3750.88
2021-08,Athletic Footwear,Women's,South Carolina,Southeast,4042,16,89.0,1008,45127,31.54,0.71,14665.82
2021-08,Athletic Footwear,Women's,South Dakota,Midwest,4042,16,78.0,258,10204,28.34,0.73,3347.7200000000003
2021-08,Athletic Footwear,Women's,Texas,South,12126,48,188.0,1345,44131,89.77000000000001,2.87,19961.12
2021-08,Athletic Footwear,Women's,Utah,West,6063,24,53.00000000000001,600,11155,24.650000000000002,1.4000000000000001,4832.99
2021-08,Athletic Footwear,Women's,Vermont,Northeast,6063,24,139.0,403,19232,57.33,1.24,7369.04
2021-08,Athletic Footwear,Women's,Virginia,Southeast,6063,24,188.0,672,44148,77.12,1.23,16760.32
2021-08,Athletic Footwear,Women's,West Virginia,Northeast,4042,16,76.0,347,13592,34.36,0.91,5721.92
2021-08,Athletic Footwear,Women's,Wisconsin,Midwest,4042,16,79.0,250,9950,29.549999999999997,0.75,3277.5
2021-08,Athletic Footwear,Women's,Wyoming,West,4042,16,78.0,672,26586,32.62,0.84,10087.14
2021-08,Street Footwear,Men's,Alabama,South,30315,120,344.0,5334,129994,169.86935714285713,7.4399999999999995,60823.75
2021-08,Street Footwear,Men's,Alaska,West,4042,16,124.0,813,51867,49.30000000000001,0.8,19115.15
2021-08,Street Footwear,Men's,Arizona,West,6063,24,146.0,982,50479,60.65,1.25,19287.85
2021-08,Street Footwear,Men's,Arkansas,South,6063,24,158.0,1193,66569,73.05,1.3900000000000001,28745.55
2021-08,Street Footwear,Men's,Connecticut,Northeast,6063,24,146.0,982,50447,66.84936,1.37,21580.95
2021-08,Street Footwear,Men's,Delaware,Northeast,4042,16,105.0,813,43899,43.74946153846154,0.84,16505.65
2021-08,Street Footwear,Men's,Florida,Southeast,6063,24,250.0,1318,116621,88.64999999999999,1.0699999999999998,38065.11
2021-08,Street Footwear,Men's,Georgia,Southeast,6063,24,147.0,1066,54922,66.97,1.37,23518.92
2021-08,Street Footwear,Men's,Hawaii,West,4042,16,164.0,960,80340,50.480000000000004,0.62,22075.8
2021-08,Street Footwear,Men's,Idaho,West,6063,24,134.0,1193,56014,61.25999999999999,1.3699999999999999,24031.679999999997
2021-08,Street Footwear,Men's,Illinois,Midwest,8084,32,157.0,1564,56830,69.35,1.65,22564.5
2021-08,Street Footwear,Men's,Indiana,Midwest,4042,16,97.0,677,33394,45.85,0.9500000000000001,14429.2
2021-08,Street Footwear,Men's,Iowa,Midwest,4042,16,99.0,656,32669,35.58,0.72,10570.98
2021-08,Street Footwear,Men's,Kansas,Midwest,4042,16,116.0,839,49584,49.0,0.85,18942.0
2021-08,Street Footwear,Men's,Kentucky,Southeast,4042,16,96.0,742,36432,44.84,0.9400000000000001,15648.28
2021-08,Street Footwear,Men's,Louisiana,South,6063,24,254.0,1360,121295,116.16999999999999,1.38,52233.35
2021-08,Street Footwear,Men's,Maryland,Northeast,4042,16,98.0,635,31479,45.4392,0.93,13434.0
2021-08,Street Footwear,Men's,Massachusetts,Northeast,6063,24,145.0,932,47514,51.69947826086956,1.0699999999999998,15616.399999999998
2021-08,Street Footwear,Men's,Michigan,Midwest,4042,16,115.0,1138,66965,65.2,1.1400000000000001,35507.6
2021-08,Street Footwear,Men's,Mississippi,South,6063,24,157.0,1296,72036,72.69,1.3900000000000001,31024.8
2021-08,Street Footwear,Men's,Missouri,Midwest,4042,16,78.0,903,35714,35.0,0.9,15057.0
2021-08,Street Footwear,Men's,Nebraska,Midwest,4042,16,39.0,878,17357,18.07,0.9299999999999999,7444.21
2021-08,Street Footwear,Men's,New Hampshire,Northeast,6063,24,173.0,1074,65379,78.68,1.37,28029.84
2021-08,Street Footwear,Men's,New Jersey,Northeast,4042,16,97.0,780,38459,40.059416666666664,0.83,14560.449999999999
2021-08,Street Footwear,Men's,New Mexico,West,6063,24,156.0,1099,60760,63.8,1.22,22915.199999999997
2021-08,Street Footwear,Men's,New York,Northeast,4042,16,127.0,1175,75625,63.97,1.01,35736.25
2021-08,Street Footwear,Men's,North Carolina,Southeast,4042,16,126.0,1333,85413,58.330000000000005,0.93,36607.64
2021-08,Street Footwear,Men's,North Dakota,Midwest,4042,16,96.0,672,33012,40.04,0.84,12500.880000000001
2021-08,Street Footwear,Men's,Ohio,Midwest,4042,16,126.0,1103,70783,56.5,0.9,29704.0
2021-08,Street Footwear,Men's,Oklahoma,South,6063,24,157.0,1094,60514,69.78,1.33,25558.440000000002
2021-08,Street Footwear,Men's,Oregon,West,6063,24,240.0,1256,105864,95.91,1.2,39511.68
2021-08,Street Footwear,Men's,Rhode Island,Northeast,6063,24,134.0,875,40993,55.159363636363636,1.24,15617.65
2021-08,Street Footwear,Men's,South Carolina,Southeast,4042,16,127.0,1451,93337,64.59,1.02,44427.090000000004
2021-08,Street Footwear,Men's,South Dakota,Midwest,4042,16,99.0,656,32669,41.019999999999996,0.83,12268.619999999999
2021-08,Street Footwear,Men's,Texas,South,18189,72,198.0,3254,75363,76.96,3.4899999999999998,27166.01
2021-08,Street Footwear,Men's,Utah,West,6063,24,95.0,1201,39645,43.19,1.37,16996.62
2021-08,Street Footwear,Men's,Vermont,Northeast,6063,24,160.0,1041,58238,83.22,1.56,28280.1
2021-08,Street Footwear,Men's,Virginia,Southeast,6063,24,240.0,1312,110144,95.65,1.2,41453.6
2021-08,Street Footwear,Men's,West Virginia,Northeast,4042,16,96.0,656,32276,43.92,0.92,13633.52
2021-08,Street Footwear,Men's,Wisconsin,Midwest,4042,16,96.0,683,33518,34.32,0.72,10927.56
2021-08,Street Footwear,Men's,Wyoming,West,4042,16,97.0,1105,54485,55.08,1.1400000000000001,28920.4
2021-08,Street Footwear,Women's,Alabama,South,24252,96,251.0,3084,65817,122.48827002288328,5.9399999999999995,30407.159999999996
2021-08,Street Footwear,Women's,Alaska,West,4042,16,109.0,452,24758,33.19,0.61,6795.38
2021-08,Street Footwear,Women's,Arizona,West,6063,24,146.0,716,36513,60.879999999999995,1.25,13973.49
2021-08,Street Footwear,Women's,Arkansas,South,6063,24,137.0,711,33822,62.040000000000006,1.36,14455.44
2021-08,Street Footwear,Women's,Connecticut,Northeast,6063,24,122.0,517,21962,43.31999999999999,1.0699999999999998,7199.4
2021-08,Street Footwear,Women's,Delaware,Northeast,4042,16,87.0,455,20160,39.0,0.9,8505.0
2021-08,Street Footwear,Women's,Florida,Southeast,6063,24,220.0,1120,85064,78.0,1.06,27865.32
2021-08,Street Footwear,Women's,Georgia,Southeast,6063,24,151.0,800,41900,61.73,1.23,15997.0
2021-08,Street Footwear,Women's,Hawaii,West,4042,16,134.0,762,52368,42.46,0.64,14543.52
2021-08,Street Footwear,Women's,Idaho,West,6063,24,135.0,1480,69645,61.15,1.3599999999999999,29709.85
2021-08,Street Footwear,Women's,Illinois,Midwest,12126,48,251.0,1252,48068,100.16999999999999,2.37,17057.5
2021-08,Street Footwear,Women's,Indiana,Midwest,4042,16,77.0,281,11072,31.389999999999997,0.82,4123.84
2021-08,Street Footwear,Women's,Iowa,Midwest,4042,16,79.0,286,11379,28.77,0.73,3722.9700000000003
2021-08,Street Footwear,Women's,Kansas,Midwest,4042,16,97.0,452,22294,41.0,0.85,8522.0
2021-08,Street Footwear,Women's,Kentucky,Southeast,4042,16,76.0,355,13880,35.44,0.9400000000000001,5955.2
2021-08,Street Footwear,Women's,Louisiana,South,6063,24,195.0,1106,76580,89.5,1.3699999999999999,32833.5
2021-08,Street Footwear,Women's,Maryland,Northeast,4042,16,79.0,260,10340,33.5,0.85,3970.0
2021-08,Street Footwear,Women's,Massachusetts,Northeast,6063,24,116.0,429,17738,34.94,0.9099999999999999,4872.2
2021-08,Street Footwear,Women's,Michigan,Midwest,4042,16,87.0,719,31923,31.14,0.72,10302.66
2021-08,Street Footwear,Women's,Mississippi,South,6063,24,135.0,851,39929,61.24,1.36,17083.24
2021-08,Street Footwear,Women's,Missouri,Midwest,4042,16,67.0,520,17840,26.97,0.8099999999999999,6666.4
2021-08,Street Footwear,Women's,Nebraska,Midwest,4042,16,58.0,613,18114,27.4,0.95,7825.199999999999
2021-08,Street Footwear,Women's,New Hampshire,Northeast,6063,24,146.0,593,30492,53.55,1.0999999999999999,10186.949999999999
2021-08,Street Footwear,Women's,New Jersey,Northeast,4042,16,77.0,375,14775,35.980000000000004,0.9400000000000001,6298.5
2021-08,Street Footwear,Women's,New Mexico,West,6063,24,164.0,830,47234,66.08,1.21,17812.76
2021-08,Street Footwear,Women's,New York,Northeast,4042,16,106.0,813,43963,32.11,0.61,12045.43
2021-08,Street Footwear,Women's,North Carolina,Southeast,4042,16,109.0,935,51215,50.620000000000005,0.93,21960.2
2021-08,Street Footwear,Women's,North Dakota,Midwest,4042,16,77.0,288,11331,27.169999999999998,0.71,3655.71
2021-08,Street Footwear,Women's,Ohio,Midwest,4042,16,108.0,725,39575,49.03,0.91,16704.5
2021-08,Street Footwear,Women's,Oklahoma,South,6063,24,135.0,601,28355,62.769999999999996,1.4000000000000001,12333.01
2021-08,Street Footwear,Women's,Oregon,West,6063,24,188.0,1060,69510,77.82,1.24,26722.399999999998
2021-08,Street Footwear,Women's,Rhode Island,Northeast,6063,24,108.0,410,15400,49.800000000000004,1.3800000000000001,6664.0
2021-08,Street Footwear,Women's,South Carolina,Southeast,4042,16,105.0,1056,56925,33.75,0.65,15963.75
2021-08,Street Footwear,Women's,South Dakota,Midwest,4042,16,76.0,290,11340,26.4,0.7,3636.0
2021-08,Street Footwear,Women's,Texas,South,18189,72,244.0,2393,67196,94.62933333333334,3.51,24266.43
2021-08,Street Footwear,Women's,Utah,West,6063,24,82.0,721,20411,34.14,1.25,7820.67
2021-08,Street Footwear,Women's,Vermont,Northeast,6063,24,132.0,571,26484,52.839999999999996,1.2,9981.56
2021-08,Street Footwear,Women's,Virginia,Southeast,6063,24,192.0,1054,69936,77.22999999999999,1.2,26400.829999999998
2021-08,Street Footwear,Women's,West Virginia,Northeast,4042,16,78.0,387,15306,35.760000000000005,0.92,6519.12
2021-08,Street Footwear,Women's,Wisconsin,Midwest,4042,16,79.0,281,11184,27.6,0.7,3573.6
2021-08,Street Footwear,Women's,Wyoming,West,4042,16,78.0,693,27434,31.099999999999994,0.7999999999999999,10145.3
2021-09,Apparel,Men's,Alabama,South,30315,135,616.0,3370,149180,308.96,7.55,70063.26
2021-09,Apparel,Men's,Alaska,West,4042,18,127.0,260,16720,41.05,0.65,4738.0
2021-09,Apparel,Men's,Arizona,West,6063,27,150.0,608,31543,53.79,1.0699999999999998,10414.14
2021-09,Apparel,Men's,Arkansas,South,6063,27,66.0,530,12285,27.27,1.24,4703.97
2021-09,Apparel,Men's,Connecticut,Northeast,6063,27,146.0,284,14552,52.25828571428571,1.08,4814.28
2021-09,Apparel,Men's,Delaware,Northeast,4042,18,105.0,260,13999,38.4985,0.74,4619.7
2021-09,Apparel,Men's,Florida,Southeast,6063,27,188.0,443,29062,46.26,0.74,6485.64
2021-09,Apparel,Men's,Georgia,Southeast,6063,27,145.0,632,32152,58.489999999999995,1.2,12050.24
2021-09,Apparel,Men's,Hawaii,West,4042,18,146.0,441,32711,32.55,0.44999999999999996,5875.8
2021-09,Apparel,Men's,Idaho,West,6063,27,147.0,644,33080,59.47,1.22,12502.8
2021-09,Apparel,Men's,Indiana,Midwest,4042,18,68.0,192,6636,23.7,0.7,2129.4
2021-09,Apparel,Men's,Iowa,Midwest,4042,18,69.0,195,6780,38.239999999999995,1.1099999999999999,3558.3
2021-09,Apparel,Men's,Kansas,Midwest,4042,18,49.00000000000001,286,7089,20.509999999999998,0.84,2686.1099999999997
2021-09,Apparel,Men's,Kentucky,Southeast,4042,18,88.0,258,11494,35.959999999999994,0.82,4322.18
2021-09,Apparel,Men's,Louisiana,South,6063,27,147.0,435,22455,72.48,1.48,10599.54
2021-09,Apparel,Men's,Maryland,Northeast,4042,18,98.0,130,6439,35.637,0.73,2118.9
2021-09,Apparel,Men's,Massachusetts,Northeast,6063,27,146.0,200,10241,44.55799999999999,0.9199999999999999,2850.67
2021-09,Apparel,Men's,Michigan,Midwest,4042,18,86.0,603,26623,38.5,0.8999999999999999,11174.0
2021-09,Apparel,Men's,Mississippi,South,6063,27,81.0,640,18036,32.78,1.21,6806.88
2021-09,Apparel,Men's,Missouri,Midwest,4042,18,48.0,352,8646,19.560000000000002,0.82,3238.62
2021-09,Apparel,Men's,New Hampshire,Northeast,6063,27,177.0,358,22017,64.3,1.0899999999999999,7330.86
2021-09,Apparel,Men's,New Jersey,Northeast,4042,18,97.0,191,9426,34.268,0.71,3039.7699999999995
2021-09,Apparel,Men's,New Mexico,West,6063,27,154.0,681,37294,53.599999999999994,1.05,12077.6
2021-09,Apparel,Men's,New York,Northeast,4042,18,106.0,656,35556,43.73,0.83,13313.13
2021-09,Apparel,Men's,North Carolina,Southeast,4042,18,78.0,756,29928,31.479999999999997,0.8099999999999999,11126.88
2021-09,Apparel,Men's,North Dakota,Midwest,4042,18,76.0,192,7512,31.64,0.84,2840.88
2021-09,Apparel,Men's,Ohio,Midwest,4042,18,67.0,572,19654,27.61,0.83,7386.42
2021-09,Apparel,Men's,Oklahoma,South,6063,27,68.0,396,9374,26.7,1.18,3484.1
2021-09,Apparel,Men's,Oregon,West,6063,27,166.0,361,20618,74.9,1.35,8765.98
2021-09,Apparel,Men's,Rhode Island,Northeast,6063,27,131.0,160,7390,46.507,1.0699999999999998,2423.91
2021-09,Apparel,Men's,South Carolina,Southeast,4042,18,98.0,875,43400,39.58,0.8099999999999999,16114.0
2021-09,Apparel,Men's,South Dakota,Midwest,4042,18,86.0,192,8472,36.25,0.85,3223.5
2021-09,Apparel,Men's,Texas,South,30315,135,654.0,3797,176275,249.6,5.7,62731.55
2021-09,Apparel,Men's,Utah,West,6063,27,55.0,527,9996,23.06,1.26,3858.84
2021-09,Apparel,Men's,Vermont,Northeast,6063,27,166.0,318,18164,66.02000000000001,1.19,6770.68
2021-09,Apparel,Men's,Virginia,Southeast,6063,27,157.0,355,19634,71.33,1.37,8380.42
2021-09,Apparel,Men's,West Virginia,Northeast,4042,18,67.0,286,9827,30.64,0.92,4165.04
2021-09,Apparel,Men's,Wisconsin,Midwest,4042,18,68.0,158,5464,38.95,1.15,2895.35
2021-09,Apparel,Men's,Wyoming,West,4042,18,98.0,625,31000,35.64,0.73,10080.0
2021-09,Apparel,Women's,Alabama,South,30315,135,667.0,5460,265670,465.7900000000001,10.500000000000002,177267.67000000004
2021-09,Apparel,Women's,Alaska,West,4042,18,134.0,384,26376,47.239999999999995,0.71,8504.16
2021-09,Apparel,Women's,Arizona,West,6063,27,159.0,676,37840,49.48,0.94,10657.0
2021-09,Apparel,Women's,Arkansas,South,6063,27,81.00000000000001,684,19281,36.900000000000006,1.36,8257.14
2021-09,Apparel,Women's,Connecticut,Northeast,6063,27,159.0,441,24717,66.36,1.26,9539.88
2021-09,Apparel,Women's,Delaware,Northeast,4042,18,118.0,384,22872,55.32,0.9400000000000001,9830.880000000001
2021-09,Apparel,Women's,Florida,Southeast,6063,27,148.0,474,24482,73.3785,1.49,11565.720000000001
2021-09,Apparel,Women's,Georgia,Southeast,6063,27,165.0,716,40939,52.400000000000006,0.95,11704.6
2021-09,Apparel,Women's,Hawaii,West,4042,18,116.0,480,28380,53.68,0.93,12116.4
2021-09,Apparel,Women's,Idaho,West,6063,27,135.0,1006,47319,81.21000000000001,1.8000000000000003,27305.730000000003
2021-09,Apparel,Women's,Indiana,Midwest,4042,18,76.0,293,11448,34.72,0.92,4872.96
2021-09,Apparel,Women's,Iowa,Midwest,4042,18,76.0,286,11196,34.0,0.9,4698.0
2021-09,Apparel,Women's,Kansas,Midwest,4042,18,59.000000000000014,419,12476,24.71,0.84,4748.24
2021-09,Apparel,Women's,Kentucky,Southeast,4042,18,99.0,349,17376,45.480000000000004,0.92,7385.52
2021-09,Apparel,Women's,Louisiana,South,6063,27,109.0,465,17625,45.5,1.25,6742.5
2021-09,Apparel,Women's,Maine,Northeast,4042,18,117.0,284,16863,53.64,0.92,7148.76
2021-09,Apparel,Women's,Maryland,Northeast,4042,18,109.0,250,13699,38.0985,0.7,4379.7
2021-09,Apparel,Women's,Massachusetts,Northeast,6063,27,158.0,365,20248,57.18,1.0799999999999998,6707.76
2021-09,Apparel,Women's,Michigan,Midwest,4042,18,98.00000000000001,748,37054,58.7,1.2000000000000002,21210.100000000002
2021-09,Apparel,Women's,Mississippi,South,6063,27,93.0,790,25820,51.900000000000006,1.6800000000000002,13658.8
2021-09,Apparel,Women's,Missouri,Midwest,4042,18,58.0,445,13160,32.92,1.1400000000000001,6952.4
2021-09,Apparel,Women's,New Hampshire,Northeast,6063,27,191.0,527,34926,75.38999999999999,1.18,13067.38
2021-09,Apparel,Women's,New Jersey,Northeast,4042,18,105.0,323,17399,48.498400000000004,0.93,7434.1
2021-09,Apparel,Women's,New Mexico,West,6063,27,172.0,765,46258,51.89,0.9099999999999999,12804.47
2021-09,Apparel,Women's,New York,Northeast,4042,18,119.0,781,46704,65.4,1.1,24272.4
2021-09,Apparel,Women's,North Carolina,Southeast,4042,18,86.0,903,39823,47.51,1.1099999999999999,20827.03
2021-09,Apparel,Women's,North Dakota,Midwest,4042,18,89.0,288,12897,42.2,0.9500000000000001,5574.6
2021-09,Apparel,Women's,Ohio,Midwest,4042,18,77.0,688,27106,42.94,1.12,14165.72
2021-09,Apparel,Women's,Oklahoma,South,6063,27,81.00000000000001,560,15785,37.370000000000005,1.3900000000000001,6811.35
2021-09,Apparel,Women's,Oregon,West,6063,27,122.0,408,17302,42.2388,1.04,5610.96
2021-09,Apparel,Women's,Rhode Island,Northeast,6063,27,148.0,322,16639,66.968,1.36,7118.56
2021-09,Apparel,Women's,South Carolina,Southeast,4042,18,107.0,1032,56064,58.7,1.1,29238.4
2021-09,Apparel,Women's,South Dakota,Midwest,4042,18,96.0,290,14240,43.0,0.9,5995.0
2021-09,Apparel,Women's,Texas,South,30315,135,673.0,6297,302998,391.61,8.68,168142.05000000002
2021-09,Apparel,Women's,Utah,West,6063,27,67.0,652,15256,38.120000000000005,1.71,8197.52
2021-09,Apparel,Women's,Vermont,Northeast,6063,27,169.0,471,28287,79.14999999999999,1.4099999999999997,12256.199999999999
2021-09,Apparel,Women's,Virginia,Southeast,6063,27,120.0,403,16928,43.4388,1.0899999999999999,5624.94
2021-09,Apparel,Women's,West Virginia,Northeast,4042,18,76.0,375,14700,34.36,0.91,6177.0
2021-09,Apparel,Women's,Wisconsin,Midwest,4042,18,78.0,252,9976,35.0,0.9,4188.0
2021-09,Apparel,Women's,Wyoming,West,4042,18,107.0,774,42048,34.55,0.65,11869.2
2021-09,Athletic Footwear,Men's,Alabama,South,30315,135,639.0,5431,247776,350.17999999999995,8.219999999999999,128371.95999999999
2021-09,Athletic Footwear,Men's,Alaska,West,4042,18,115.0,416,24505,47.400000000000006,0.8300000000000001,9227.400000000001
2021-09,Athletic Footwear,Men's,Arizona,West,6063,27,129.0,937,42829,59.83,1.4000000000000001,18551.83
2021-09,Athletic Footwear,Men's,Arkansas,South,6063,27,105.00000000000001,711,26424,43.379999999999995,1.24,10097.82
2021-09,Athletic Footwear,Men's,Connecticut,Northeast,6063,27,137.0,468,22245,63.24,1.3900000000000001,9581.4
2021-09,Athletic Footwear,Men's,Delaware,Northeast,4042,18,97.0,410,20245,38.65,0.7999999999999999,7485.25
2021-09,Athletic Footwear,Men's,Florida,Southeast,6063,27,170.0,785,47350,52.4,0.9299999999999999,13214.5
2021-09,Athletic Footwear,Men's,Georgia,Southeast,6063,27,135.0,954,44856,62.57,1.3900000000000001,19343.16
2021-09,Athletic Footwear,Men's,Hawaii,West,4042,18,139.0,699,48781,36.769999999999996,0.53,11092.73
2021-09,Athletic Footwear,Men's,Idaho,West,6063,27,143.0,1032,52097,64.34,1.3499999999999999,22216.46
2021-09,Athletic Footwear,Men's,Indiana,Midwest,4042,18,59.000000000000014,349,10396,26.5,0.9,4373.0
2021-09,Athletic Footwear,Men's,Iowa,Midwest,4042,18,57.000000000000014,352,10329,23.189999999999998,0.82,3864.63
2021-09,Athletic Footwear,Men's,Kansas,Midwest,4042,18,78.00000000000001,441,17458,31.099999999999998,0.7999999999999999,6456.1
2021-09,Athletic Footwear,Men's,Kentucky,Southeast,4042,18,89.0,419,18761,37.31,0.84,7145.389999999999
2021-09,Athletic Footwear,Men's,Louisiana,South,6063,27,136.0,800,37750,60.66,1.3399999999999999,15942.5
2021-09,Athletic Footwear,Men's,Maryland,Northeast,4042,18,89.0,288,12897,35.55,0.7999999999999999,4791.15
2021-09,Athletic Footwear,Men's,Massachusetts,Northeast,6063,27,134.0,401,18667,47.55,1.07,6124.4
2021-09,Athletic Footwear,Men's,Michigan,Midwest,4042,18,77.00000000000001,774,30438,34.870000000000005,0.9099999999999999,12883.380000000001
2021-09,Athletic Footwear,Men's,Mississippi,South,6063,27,120.00000000000001,830,35013,48.18,1.21,13184.789999999999
2021-09,Athletic Footwear,Men's,Missouri,Midwest,4042,18,58.000000000000014,500,14800,23.66,0.82,5516.0
2021-09,Athletic Footwear,Men's,New Hampshire,Northeast,6063,27,157.0,561,31118,70.14,1.34,13162.56
2021-09,Athletic Footwear,Men's,New Jersey,Northeast,4042,18,86.0,347,15327,36.25,0.85,5807.25
2021-09,Athletic Footwear,Men's,New Mexico,West,6063,27,145.0,969,49663,65.95,1.37,21180.28
2021-09,Athletic Footwear,Men's,New York,Northeast,4042,18,98.00000000000001,813,40324,39.099999999999994,0.7999999999999999,14895.8
2021-09,Athletic Footwear,Men's,North Carolina,Southeast,4042,18,99.00000000000001,906,45119,42.0,0.85,17122.0
2021-09,Athletic Footwear,Men's,North Dakota,Midwest,4042,18,69.0,347,12073,25.119999999999997,0.73,3940.14
2021-09,Athletic Footwear,Men's,Ohio,Midwest,4042,18,97.00000000000001,748,36881,39.59,0.82,13884.07
2021-09,Athletic Footwear,Men's,Oklahoma,South,6063,27,106.00000000000001,601,22308,42.58,1.21,8395.24
2021-09,Athletic Footwear,Men's,Oregon,West,6063,27,149.0,730,37766,59.05,1.19,14106.34
2021-09,Athletic Footwear,Men's,Rhode Island,Northeast,6063,27,118.0,360,14903,47.489999999999995,1.2,5576.49
2021-09,Athletic Footwear,Men's,South Carolina,Southeast,4042,18,98.00000000000001,1048,51954,40.53999999999999,0.83,19575.42
2021-09,Athletic Footwear,Men's,South Dakota,Midwest,4042,18,79.0,355,14120,27.6,0.7,4548.0
2021-09,Athletic Footwear,Men's,Texas,South,30315,135,650.0,6119,276253,287.25,6.6,113822.78
2021-09,Athletic Footwear,Men's,Utah,West,6063,27,67.00000000000001,730,17058,26.319999999999997,1.18,6340.959999999999
2021-09,Athletic Footwear,Men's,Vermont,Northeast,6063,27,147.0,521,26787,76.17,1.56,12971.369999999999
2021-09,Athletic Footwear,Men's,Virginia,Southeast,6063,27,150.0,716,37205,59.94,1.2,13931.27
2021-09,Athletic Footwear,Men's,West Virginia,Northeast,4042,18,59.000000000000014,441,13139,27.37,0.93,5598.67
2021-09,Athletic Footwear,Men's,Wisconsin,Midwest,4042,18,59.000000000000014,315,9385,23.549999999999997,0.7999999999999999,3473.25
2021-09,Athletic Footwear,Men's,Wyoming,West,4042,18,89.0,750,33600,32.42,0.73,10938.0
2021-09,Athletic Footwear,Women's,Alabama,South,30315,135,630.0,3682,161302,409.6600000000001,9.770000000000001,99904.56000000001
2021-09,Athletic Footwear,Women's,Alaska,West,4042,18,105.0,256,13800,33.25,0.64,3842.0
2021-09,Athletic Footwear,Women's,Arizona,West,6063,27,119.0,612,25600,47.23,1.19,9597.8
2021-09,Athletic Footwear,Women's,Arkansas,South,6063,27,41.00000000000001,517,7355,18.32,1.34,3114.8
2021-09,Athletic Footwear,Women's,Connecticut,Northeast,6063,27,116.0,279,11501,42.15,1.0899999999999999,3802.7999999999997
2021-09,Athletic Footwear,Women's,Delaware,Northeast,4042,18,86.0,260,11460,38.91,0.91,4854.6
2021-09,Athletic Footwear,Women's,Florida,Southeast,6063,27,158.0,393,21942,58.04,1.1099999999999999,7314.24
2021-09,Athletic Footwear,Women's,Georgia,Southeast,6063,27,123.00000000000001,640,27360,57.32000000000001,1.4000000000000001,11918.4
2021-09,Athletic Footwear,Women's,Hawaii,West,4042,18,127.00000000000001,410,26395,41.05,0.65,7389.25
2021-09,Athletic Footwear,Women's,Idaho,West,6063,27,155.0,652,35820,86.65,1.6800000000000002,19011.4
2021-09,Athletic Footwear,Women's,Indiana,Midwest,4042,18,49.00000000000001,191,4734,20.03,0.82,1774.98
2021-09,Athletic Footwear,Women's,Iowa,Midwest,4042,18,48.00000000000001,188,4624,17.85,0.75,1518.3
2021-09,Athletic Footwear,Women's,Kansas,Midwest,4042,18,29.000000000000007,290,4285,11.83,0.82,1608.95
2021-09,Athletic Footwear,Women's,Kentucky,Southeast,4042,18,67.0,254,8728,30.32,0.91,3681.2799999999997
2021-09,Athletic Footwear,Women's,Louisiana,South,6063,27,120.00000000000001,393,16553,53.19,1.3299999999999998,6959.73
2021-09,Athletic Footwear,Women's,Maryland,Northeast,4042,18,76.0,125,4900,30.2,0.7999999999999999,1805.0
2021-09,Athletic Footwear,Women's,Massachusetts,Northeast,6063,27,121.0,200,8463,37.230000000000004,0.92,2369.07
2021-09,Athletic Footwear,Women's,Michigan,Midwest,4042,18,69.0,594,20671,27.549999999999997,0.7999999999999999,7639.45
2021-09,Athletic Footwear,Women's,Mississippi,South,6063,27,55.00000000000001,620,11820,25.65,1.4000000000000001,5109.0
2021-09,Athletic Footwear,Women's,Missouri,Midwest,4042,18,29.0,358,5287,13.42,0.93,2265.86
2021-09,Athletic Footwear,Women's,New Hampshire,Northeast,6063,27,149.0,355,18377,53.92999999999999,1.0899999999999999,6081.639999999999
2021-09,Athletic Footwear,Women's,New Jersey,Northeast,4042,18,77.0,188,7406,35.61,0.93,3145.1800000000003
2021-09,Athletic Footwear,Women's,New Mexico,West,6063,27,136.0,693,32642,55.699999999999996,1.23,12469.84
2021-09,Athletic Footwear,Women's,New York,Northeast,4042,18,89.0,662,29653,31.54,0.71,9558.98
2021-09,Athletic Footwear,Women's,North Carolina,Southeast,4042,18,58.0,750,22200,26.0,0.9,9300.0
2021-09,Athletic Footwear,Women's,North Dakota,Midwest,4042,18,58.0,194,5732,20.479999999999997,0.71,1855.12
2021-09,Athletic Footwear,Women's,Ohio,Midwest,4042,18,49.00000000000001,563,13962,22.240000000000002,0.91,5883.12
2021-09,Athletic Footwear,Women's,Oklahoma,South,6063,27,41.00000000000001,396,5628,18.18,1.33,2368.14
2021-09,Athletic Footwear,Women's,Oregon,West,6063,27,137.0,314,14904,56.0,1.23,5661.6
2021-09,Athletic Footwear,Women's,Rhode Island,Northeast,6063,27,109.0,159,6013,50.86,1.4000000000000001,2610.2200000000003
2021-09,Athletic Footwear,Women's,South Carolina,Southeast,4042,18,79.0,910,36190,27.6,0.7,11676.0
2021-09,Athletic Footwear,Women's,South Dakota,Midwest,4042,18,69.0,189,6576,24.1,0.7,2105.4
2021-09,Athletic Footwear,Women's,Texas,South,30315,135,547.0,4310,166812,290.3,7.91,83860.77
2021-09,Athletic Footwear,Women's,Utah,West,6063,27,27.0,524,4907,12.32,1.37,2106.2200000000003
2021-09,Athletic Footwear,Women's,Vermont,Northeast,6063,27,130.0,318,14650,53.55,1.24,5570.599999999999
2021-09,Athletic Footwear,Women's,Virginia,Southeast,6063,27,132.0,324,15020,54.35,1.24,5726.7
2021-09,Athletic Footwear,Women's,West Virginia,Northeast,4042,18,48.00000000000001,284,6982,21.5,0.9,2928.5
2021-09,Athletic Footwear,Women's,Wisconsin,Midwest,4042,18,48.00000000000001,159,3907,17.85,0.75,1289.4
2021-09,Athletic Footwear,Women's,Wyoming,West,4042,18,78.0,635,25130,32.62,0.84,9513.7
2021-09,Street Footwear,Men's,Alabama,South,30315,135,500.0,5323,191497,276.41999999999996,8.309999999999999,100858.10999999999
2021-09,Street Footwear,Men's,Alaska,West,4042,18,129.0,656,42509,53.470000000000006,0.8300000000000001,15968.070000000002
2021-09,Street Footwear,Men's,Arizona,West,6063,27,121.0,926,39162,50.54,1.26,15116.08
2021-09,Street Footwear,Men's,Arkansas,South,6063,27,133.0,1053,48971,60.010000000000005,1.35,20868.77
2021-09,Street Footwear,Men's,Connecticut,Northeast,6063,27,150.0,795,41309,70.28920000000001,1.4100000000000001,17945.300000000003
2021-09,Street Footwear,Men's,Delaware,Northeast,4042,18,105.0,667,35974,43.74933333333333,0.84,13584.9
2021-09,Street Footwear,Men's,Florida,Southeast,6063,27,162.0,795,44940,57.480000000000004,1.07,14771.4
2021-09,Street Footwear,Men's,Georgia,Southeast,6063,27,119.00000000000001,984,41064,55.480000000000004,1.4000000000000001,17888.64
2021-09,Street Footwear,Men's,Hawaii,West,4042,18,127.00000000000001,699,44988,38.57,0.61,12263.18
2021-09,Street Footwear,Men's,Idaho,West,6063,27,146.0,1081,55355,65.85999999999999,1.3599999999999999,23587.799999999996
2021-09,Street Footwear,Men's,Indiana,Midwest,4042,18,68.0,608,21014,31.82,0.9400000000000001,9020.06
2021-09,Street Footwear,Men's,Iowa,Midwest,4042,18,69.0,608,21147,24.1,0.7,6796.3
2021-09,Street Footwear,Men's,Kansas,Midwest,4042,18,97.0,715,35255,41.0,0.85,13502.5
2021-09,Street Footwear,Men's,Kentucky,Southeast,4042,18,98.0,662,32826,45.44,0.93,13985.28
2021-09,Street Footwear,Men's,Louisiana,South,6063,27,121.00000000000001,820,34510,55.51,1.3699999999999999,14854.75
2021-09,Street Footwear,Men's,Maryland,Northeast,4042,18,99.0,553,27521,44.98905882352942,0.91,11698.32
2021-09,Street Footwear,Men's,Massachusetts,Northeast,6063,27,144.0,738,37412,50.999333333333325,1.06,12302.52
2021-09,Street Footwear,Men's,Michigan,Midwest,4042,18,87.0,1032,45744,48.96,1.13,24138.72
2021-09,Street Footwear,Men's,Mississippi,South,6063,27,137.0,1160,55071,62.980000000000004,1.3800000000000001,23735.34
2021-09,Street Footwear,Men's,Missouri,Midwest,4042,18,67.0,774,26568,30.0,0.9,11184.0
2021-09,Street Footwear,Men's,New Hampshire,Northeast,6063,27,175.0,897,54679,79.12,1.36,23355.64
2021-09,Street Footwear,Men's,New Jersey,Northeast,4042,18,96.0,599,29453,40.03926315789474,0.84,11107.11
2021-09,Street Footwear,Men's,New Mexico,West,6063,27,136.0,994,46859,55.089999999999996,1.22,17732.89
2021-09,Street Footwear,Men's,New York,Northeast,4042,18,105.0,1088,58650,54.25,1.04,28058.5
2021-09,Street Footwear,Men's,North Carolina,Southeast,4042,18,108.0,1175,64125,49.56,0.92,27240.0
2021-09,Street Footwear,Men's,North Dakota,Midwest,4042,18,76.0,608,23788,32.0,0.85,9044.0
2021-09,Street Footwear,Men's,Ohio,Midwest,4042,18,105.0,1000,53875,49.0,0.9400000000000001,23125.0
2021-09,Street Footwear,Men's,Oklahoma,South,6063,27,134.0,921,42960,62.56,1.4000000000000001,18624.600000000002
2021-09,Street Footwear,Men's,Oregon,West,6063,27,130.0,721,33178,50.779999999999994,1.17,12274.82
2021-09,Street Footwear,Men's,Rhode Island,Northeast,6063,27,134.0,664,31236,54.129176470588234,1.22,11781.539999999999
2021-09,Street Footwear,Men's,South Carolina,Southeast,4042,18,106.0,1312,71012,54.33,1.03,33858.21
2021-09,Street Footwear,Men's,South Dakota,Midwest,4042,18,87.0,613,27171,34.65,0.7999999999999999,10089.449999999999
2021-09,Street Footwear,Men's,Texas,South,30315,135,567.0,6164,246806,248.57999999999998,6.489999999999999,101363.70999999999
2021-09,Street Footwear,Men's,Utah,West,6063,27,82.0,1047,29645,37.43,1.37,12708.32
2021-09,Street Footwear,Men's,Vermont,Northeast,6063,27,160.0,841,47048,80.48,1.51,22407.28
2021-09,Street Footwear,Men's,Virginia,Southeast,6063,27,131.0,712,32913,55.199999999999996,1.27,12664.3
2021-09,Street Footwear,Men's,West Virginia,Northeast,4042,18,69.0,704,24486,31.34,0.91,10370.36
2021-09,Street Footwear,Men's,Wisconsin,Midwest,4042,18,68.0,618,21344,24.03,0.71,6922.29
2021-09,Street Footwear,Men's,Wyoming,West,4042,18,98.0,1008,49984,55.72,1.1400000000000001,26389.760000000002
2021-09,Street Footwear,Women's,Alabama,South,30315,135,640.0,5880,267548,350.0799999999999,8.2,139358.3
2021-09,Street Footwear,Women's,Alaska,West,4042,18,105.0,284,15325,32.75,0.63,4214.75
2021-09,Street Footwear,Women's,Arizona,West,6063,27,122.0,698,29559,47.68,1.17,10994.65
2021-09,Street Footwear,Women's,Arkansas,South,6063,27,40.00000000000001,561,7835,18.450000000000003,1.3900000000000001,3376.55
2021-09,Street Footwear,Women's,Connecticut,Northeast,6063,27,119.0,324,13572,42.1,1.06,4458.24
2021-09,Street Footwear,Women's,Delaware,Northeast,4042,18,88.0,286,12748,39.93,0.91,5387.73
2021-09,Street Footwear,Women's,Florida,Southeast,6063,27,153.0,471,25794,55.169999999999995,1.0799999999999998,8458.02
2021-09,Street Footwear,Women's,Georgia,Southeast,6063,27,119.00000000000001,720,30240,47.33,1.19,11350.8
2021-09,Street Footwear,Women's,Hawaii,West,4042,18,129.0,480,31095,41.21,0.64,8714.55
2021-09,Street Footwear,Women's,Idaho,West,6063,27,159.0,1060,59421,72.47,1.3699999999999999,25427.89
2021-09,Street Footwear,Women's,Indiana,Midwest,4042,18,48.00000000000001,224,5502,19.56,0.82,2060.94
2021-09,Street Footwear,Women's,Iowa,Midwest,4042,18,49.00000000000001,224,5551,17.1,0.7,1782.9
2021-09,Street Footwear,Women's,Kansas,Midwest,4042,18,30.000000000000007,325,4875,12.3,0.82,1841.25
2021-09,Street Footwear,Women's,Kentucky,Southeast,4042,18,68.0,290,10020,31.490000000000002,0.93,4286.85
2021-09,Street Footwear,Women's,Louisiana,South,6063,27,118.00000000000001,474,19734,54.160000000000004,1.38,8468.880000000001
2021-09,Street Footwear,Women's,Maryland,Northeast,4042,18,78.0,161,6368,33.0,0.85,2434.0
2021-09,Street Footwear,Women's,Massachusetts,Northeast,6063,27,116.0,236,9759,35.42,0.9199999999999999,2702.13
2021-09,Street Footwear,Women's,Michigan,Midwest,4042,18,69.0,645,22430,24.78,0.72,7320.6
2021-09,Street Footwear,Women's,Mississippi,South,6063,27,54.00000000000001,693,13012,24.55,1.37,5590.75
2021-09,Street Footwear,Women's,Missouri,Midwest,4042,18,29.0,375,5550,12.11,0.84,2089.5
2021-09,Street Footwear,Women's,New Hampshire,Northeast,6063,27,150.0,403,21004,53.05,1.06,6908.82
2021-09,Street Footwear,Women's,New Jersey,Northeast,4042,18,79.0,226,8989,36.67,0.93,3854.17
2021-09,Street Footwear,Women's,New Mexico,West,6063,27,135.0,765,36061,55.5,1.24,13812.02
2021-09,Street Footwear,Women's,New York,Northeast,4042,18,86.0,688,30408,25.6,0.6,8167.8
2021-09,Street Footwear,Women's,North Carolina,Southeast,4042,18,58.0,800,23650,26.28,0.91,9999.0
2021-09,Street Footwear,Women's,North Dakota,Midwest,4042,18,57.0,226,6627,20.880000000000003,0.74,2180.88
2021-09,Street Footwear,Women's,Ohio,Midwest,4042,18,48.00000000000001,613,15049,22.65,0.9500000000000001,6495.7
2021-09,Street Footwear,Women's,Oklahoma,South,6063,27,41.00000000000001,435,6183,18.18,1.33,2601.3
2021-09,Street Footwear,Women's,Oregon,West,6063,27,138.0,408,19412,55.92999999999999,1.22,7388.29
2021-09,Street Footwear,Women's,Rhode Island,Northeast,6063,27,105.0,202,7499,46.830000000000005,1.34,3184.01
2021-09,Street Footwear,Women's,South Carolina,Southeast,4042,18,78.0,921,36448,24.82,0.64,10154.720000000001
2021-09,Street Footwear,Women's,South Dakota,Midwest,4042,18,67.0,228,7821,23.300000000000004,0.7,2515.9
2021-09,Street Footwear,Women's,Texas,South,30315,135,606.0,6354,273088,269.98944,6.6,114503.01
2021-09,Street Footwear,Women's,Utah,West,6063,27,26.0,546,5054,10.94,1.27,1943.2
2021-09,Street Footwear,Women's,Vermont,Northeast,6063,27,136.0,353,16706,57.3,1.27,6435.099999999999
2021-09,Street Footwear,Women's,Virginia,Southeast,6063,27,131.0,393,18207,53.19,1.22,6871.65
2021-09,Street Footwear,Women's,West Virginia,Northeast,4042,18,49.00000000000001,318,7882,22.96,0.9400000000000001,3381.28
2021-09,Street Footwear,Women's,Wisconsin,Midwest,4042,18,49.00000000000001,194,4806,18.299999999999997,0.75,1600.1999999999998
2021-09,Street Footwear,Women's,Wyoming,West,4042,18,78.0,662,26206,31.479999999999997,0.8099999999999999,9744.759999999998
2021-10,Apparel,Men's,Alabama,South,12126,60,293.0,1485,76700,146.85894117647058,3.0,36475.409999999996
2021-10,Apparel,Men's,Alaska,West,4042,20,146.0,194,14374,43.599999999999994,0.6,3905.8999999999996
2021-10,Apparel,Men's,Arizona,West,6063,30,152.0,432,22654,53.980000000000004,1.07,7432.9400000000005
2021-10,Apparel,Men's,Arkansas,South,6063,30,78.00000000000001,449,12402,30.96,1.19,4647.84
2021-10,Apparel,Men's,Connecticut,Northeast,6063,30,179.0,237,14688,62.879999999999995,1.0499999999999998,4796.46
2021-10,Apparel,Men's,Delaware,Northeast,4042,20,127.0,224,14413,44.3,0.7,4627.7
2021-10,Apparel,Men's,Florida,Southeast,6063,30,171.0,564,33984,41.629999999999995,0.73,7541.860000000001
2021-10,Apparel,Men's,Georgia,Southeast,6063,30,146.0,492,25182,58.65,1.21,9517.8
2021-10,Apparel,Men's,Hawaii,West,4042,20,128.0,320,20660,27.390000000000004,0.43000000000000005,3672.3
2021-10,Apparel,Men's,Idaho,West,6063,30,92.0,564,18237,37.36,1.22,6884.51
2021-10,Apparel,Men's,Indiana,Midwest,4042,20,86.0,188,8307,31.537999999999997,0.74,2710.22
2021-10,Apparel,Men's,Iowa,Midwest,4042,20,87.0,163,7220,49.376000000000005,1.1400000000000001,3833.44
2021-10,Apparel,Men's,Kansas,Midwest,4042,20,59.000000000000014,221,6584,24.709999999999997,0.84,2491.16
2021-10,Apparel,Men's,Kentucky,Southeast,4042,20,108.0,191,10422,45.21766666666666,0.84,3951.9199999999996
2021-10,Apparel,Men's,Louisiana,South,6063,30,136.0,557,26333,68.95,1.52,12605.99
2021-10,Apparel,Men's,Maine,Northeast,16168,80,418.0,643,33612,130.84,2.52,9339.58
2021-10,Apparel,Men's,Maryland,Northeast,4042,20,116.0,95,5620,40.4,0.7,1798.0
2021-10,Apparel,Men's,Massachusetts,Northeast,6063,30,178.0,161,9908,52.230000000000004,0.88,2696.42
2021-10,Apparel,Men's,Michigan,Midwest,4042,20,98.00000000000001,512,25376,46.39999999999999,0.95,10956.8
2021-10,Apparel,Men's,Mississippi,South,6063,30,92.0,553,18011,38.75,1.27,6958.0
2021-10,Apparel,Men's,Missouri,Midwest,4042,20,67.0,293,10051,27.29,0.82,3778.97
2021-10,Apparel,Men's,New Hampshire,Northeast,6063,30,196.0,279,19291,69.03,1.05,6269.88
2021-10,Apparel,Men's,New Jersey,Northeast,4042,20,118.0,163,9704,41.78,0.71,3153.64
2021-10,Apparel,Men's,New Mexico,West,6063,30,157.0,530,29270,56.17,1.0699999999999998,9634.66
2021-10,Apparel,Men's,New York,Northeast,4042,20,119.0,650,38850,48.730000000000004,0.82,14659.5
2021-10,Apparel,Men's,North Carolina,Southeast,4042,20,87.0,699,31008,35.489999999999995,0.82,11603.76
2021-10,Apparel,Men's,North Dakota,Midwest,4042,20,95.0,159,7779,38.6472,0.82,2906.2499999999995
2021-10,Apparel,Men's,Ohio,Midwest,4042,20,77.0,516,20292,31.02,0.8099999999999999,7574.32
2021-10,Apparel,Men's,Oklahoma,South,6063,30,81.00000000000001,318,8946,32.78,1.21,3364.48
2021-10,Apparel,Men's,Oregon,West,6063,30,146.0,468,24045,67.53999999999999,1.3900000000000001,10339.5
2021-10,Apparel,Men's,Pennsylvania,Northeast,6063,30,151.0,202,10540,60.76719999999999,1.21,3986.7199999999993
2021-10,Apparel,Men's,Rhode Island,Northeast,6063,30,155.0,117,6465,53.2,1.03,2071.6
2021-10,Apparel,Men's,South Carolina,Southeast,4042,20,107.0,839,45578,44.209999999999994,0.83,17229.94
2021-10,Apparel,Men's,South Dakota,Midwest,4042,20,109.0,163,8926,44.627199999999995,0.82,3370.3399999999997
2021-10,Apparel,Men's,Texas,South,24252,120,578.0,2988,153098,235.43,4.88,58248.89
2021-10,Apparel,Men's,Utah,West,6063,30,79.0,443,12357,32.8,1.24,4754.0
2021-10,Apparel,Men's,Vermont,Northeast,6063,30,191.0,284,18806,76.53,1.2,7083.48
2021-10,Apparel,Men's,Virginia,Southeast,6063,30,150.0,492,25521,70.36,1.4100000000000001,11162.64
2021-10,Apparel,Men's,West Virginia,Northeast,4042,20,86.0,228,10047,40.54771428571429,0.9500000000000001,4344.75
2021-10,Apparel,Men's,Wisconsin,Midwest,4042,20,89.0,158,7076,50.215999999999994,1.13,3726.76
2021-10,Apparel,Men's,Wyoming,West,4042,20,109.0,603,33037,40.260000000000005,0.74,10878.78
2021-10,Apparel,Women's,Alabama,South,12126,60,355.0,2179,135392,254.51000000000005,4.300000000000001,92769.72000000002
2021-10,Apparel,Women's,Alaska,West,4042,20,153.0,358,28059,53.2,0.7,9023.6
2021-10,Apparel,Women's,Arizona,West,6063,30,163.0,517,29289,49.91,0.9199999999999999,8142.21
2021-10,Apparel,Women's,Arkansas,South,6063,30,79.0,636,17656,36.370000000000005,1.3800000000000001,7586.48
2021-10,Apparel,Women's,Connecticut,Northeast,6063,30,179.0,443,28236,75.32,1.27,10884.58
2021-10,Apparel,Women's,Delaware,Northeast,4042,20,133.0,378,25914,62.650000000000006,0.9500000000000001,11102.7
2021-10,Apparel,Women's,Florida,Southeast,6063,30,188.0,644,42180,96.76,1.55,20379.2
2021-10,Apparel,Women's,Georgia,Southeast,6063,30,180.0,561,36042,56.72,0.95,10225.26
2021-10,Apparel,Women's,Hawaii,West,4042,20,134.0,375,25800,60.64,0.91,10848.0
2021-10,Apparel,Women's,Idaho,West,6063,30,121.0,846,35675,72.53,1.8000000000000003,20520.730000000003
2021-10,Apparel,Women's,Indiana,Midwest,4042,20,97.99999999999999,358,17733,45.43854545454546,0.93,7611.120000000001
2021-10,Apparel,Women's,Iowa,Midwest,4042,20,98.99999999999999,323,16076,45.9684,0.93,6895.410000000001
2021-10,Apparel,Women's,Kansas,Midwest,4042,20,58.0,390,11520,23.939999999999998,0.83,4359.6
2021-10,Apparel,Women's,Kentucky,Southeast,4042,20,108.0,358,19523,48.49854545454546,0.9,8249.1
2021-10,Apparel,Women's,Louisiana,South,6063,30,149.0,648,33560,60.349999999999994,1.22,12702.0
2021-10,Apparel,Women's,Maine,Northeast,16168,80,369.0,1162,54273,170.47,3.71,23040.73
2021-10,Apparel,Women's,Maryland,Northeast,4042,20,124.99999999999999,252,16119,43.4985,0.7,5147.7
2021-10,Apparel,Women's,Massachusetts,Northeast,6063,30,187.0,358,23508,67.89,1.0899999999999999,7826.4
2021-10,Apparel,Women's,Michigan,Midwest,4042,20,107.0,662,35999,66.65,1.25,20868.050000000003
2021-10,Apparel,Women's,Mississippi,South,6063,30,95.0,761,25091,53.2,1.6800000000000002,13293.34
2021-10,Apparel,Women's,Missouri,Midwest,4042,20,78.0,438,17343,44.318571428571424,1.1400000000000001,9139.66
2021-10,Apparel,Women's,New Hampshire,Northeast,6063,30,216.0,471,35592,87.52,1.22,13445.759999999998
2021-10,Apparel,Women's,New Jersey,Northeast,4042,20,126.99999999999999,318,20465,58.8584,0.93,8734.08
2021-10,Apparel,Women's,New Mexico,West,6063,30,200.0,611,42732,61.58,0.9299999999999999,11987.82
2021-10,Apparel,Women's,New York,Northeast,4042,20,129.0,781,50609,72.18,1.12,26502.58
2021-10,Apparel,Women's,North Carolina,Southeast,4042,20,98.0,851,42198,55.239999999999995,1.13,22197.239999999998
2021-10,Apparel,Women's,North Dakota,Midwest,4042,20,107.99999999999999,323,17618,50.08840000000001,0.93,7550.17
2021-10,Apparel,Women's,Ohio,Midwest,4042,20,78.0,672,26586,43.94,1.13,14019.18
2021-10,Apparel,Women's,Oklahoma,South,6063,30,81.0,517,14611,38.290000000000006,1.4200000000000002,6395.79
2021-10,Apparel,Women's,Oregon,West,6063,30,159.0,578,32133,58.11,1.1,10784.61
2021-10,Apparel,Women's,Pennsylvania,Northeast,6063,30,120.0,356,14988,43.3,1.08,4953.22
2021-10,Apparel,Women's,Rhode Island,Northeast,6063,30,176.0,324,19813,79.31800000000001,1.35,8457.6
2021-10,Apparel,Women's,South Carolina,Southeast,4042,20,116.0,1000,59100,66.4,1.15,31440.0
2021-10,Apparel,Women's,South Dakota,Midwest,4042,20,114.99999999999999,320,18849,54.248400000000004,0.9500000000000001,8117.1
2021-10,Apparel,Women's,Texas,South,24252,120,642.0,4391,248984,389.1500000000001,7.290000000000001,144281.88
2021-10,Apparel,Women's,Utah,West,6063,30,92.0,644,20827,50.838750000000005,1.6600000000000001,10952.86
2021-10,Apparel,Women's,Vermont,Northeast,6063,30,200.0,471,33111,92.47,1.39,14283.630000000001
2021-10,Apparel,Women's,Virginia,Southeast,6063,30,159.0,561,31378,56.760000000000005,1.06,10343.12
2021-10,Apparel,Women's,West Virginia,Northeast,4042,20,96.99999999999999,384,18947,43.498666666666665,0.9,7973.6
2021-10,Apparel,Women's,Wisconsin,Midwest,4042,20,95.99999999999999,315,15489,43.4584,0.91,6524.5
2021-10,Apparel,Women's,Wyoming,West,4042,20,115.0,750,44250,35.35,0.62,12052.5
2021-10,Athletic Footwear,Men's,Alabama,South,18189,90,319.0,2655,103471,160.96999999999997,4.52,52417.70999999999
2021-10,Athletic Footwear,Men's,Alaska,West,4042,20,125.00000000000001,352,22495,51.55000000000001,0.8300000000000001,8473.850000000002
2021-10,Athletic Footwear,Men's,Arizona,West,6063,30,130.0,820,37590,58.77,1.35,16037.45
2021-10,Athletic Footwear,Men's,Arkansas,South,6063,30,53.000000000000014,663,12362,21.15,1.2,4620.5
2021-10,Athletic Footwear,Men's,Connecticut,Northeast,6063,30,146.0,441,22535,65.16,1.34,9535.04
2021-10,Athletic Footwear,Men's,Delaware,Northeast,4042,20,106.0,390,21090,42.709999999999994,0.8099999999999999,7886.4
2021-10,Athletic Footwear,Men's,Florida,Southeast,6063,30,167.0,909,54041,51.14,0.9199999999999999,14941.529999999999
2021-10,Athletic Footwear,Men's,Georgia,Southeast,6063,30,131.0,840,38806,58.72,1.34,16440.92
2021-10,Athletic Footwear,Men's,Hawaii,West,4042,20,126.00000000000001,613,39293,31.300000000000004,0.5,8700.400000000001
2021-10,Athletic Footwear,Men's,Idaho,West,6063,30,104.0,938,34531,47.59,1.3699999999999999,14862.44
2021-10,Athletic Footwear,Men's,Indiana,Midwest,4042,20,67.0,315,10830,31.6,0.9500000000000001,4644.0
2021-10,Athletic Footwear,Men's,Iowa,Midwest,4042,20,67.0,325,11150,26.97,0.8099999999999999,4166.5
2021-10,Athletic Footwear,Men's,Kansas,Midwest,4042,20,39.000000000000014,410,8115,15.74,0.8099999999999999,3017.9
2021-10,Athletic Footwear,Men's,Kentucky,Southeast,4042,20,86.0,358,15778,36.25,0.85,6032.75
2021-10,Athletic Footwear,Men's,Louisiana,South,6063,30,129.0,914,41981,60.04999999999999,1.4,18151.449999999997
2021-10,Athletic Footwear,Men's,Maine,Northeast,16168,80,343.0,894,39693,142.07,3.32,14990.31
2021-10,Athletic Footwear,Men's,Maryland,Northeast,4042,20,98.0,258,12784,39.58,0.8099999999999999,4780.639999999999
2021-10,Athletic Footwear,Men's,Massachusetts,Northeast,6063,30,145.0,349,17859,53.3,1.0999999999999999,5928.7
2021-10,Athletic Footwear,Men's,Michigan,Midwest,4042,20,77.00000000000001,742,29179,34.870000000000005,0.9099999999999999,12351.29
2021-10,Athletic Footwear,Men's,Mississippi,South,6063,30,67.00000000000001,810,18930,26.29,1.17,7044.099999999999
2021-10,Athletic Footwear,Men's,Missouri,Midwest,4042,20,49.0,441,10934,20.75,0.85,4154.5
2021-10,Athletic Footwear,Men's,New Hampshire,Northeast,6063,30,171.0,483,29064,78.22,1.37,12476.880000000001
2021-10,Athletic Footwear,Men's,New Jersey,Northeast,4042,20,98.0,313,15524,41.5,0.85,5887.0
2021-10,Athletic Footwear,Men's,New Mexico,West,6063,30,143.0,881,44616,64.84,1.36,19022.38
2021-10,Athletic Footwear,Men's,New York,Northeast,4042,20,96.00000000000001,781,38426,38.66,0.8099999999999999,14238.46
2021-10,Athletic Footwear,Men's,North Carolina,Southeast,4042,20,68.0,896,30968,27.43,0.8099999999999999,11550.279999999999
2021-10,Athletic Footwear,Men's,North Dakota,Midwest,4042,20,76.0,323,12628,26.759999999999998,0.71,4077.48
2021-10,Athletic Footwear,Men's,Ohio,Midwest,4042,20,59.000000000000014,688,20502,24.13,0.82,7655.94
2021-10,Athletic Footwear,Men's,Oklahoma,South,6063,30,53.000000000000014,550,10240,21.619999999999997,1.23,3877.68
2021-10,Athletic Footwear,Men's,Oregon,West,6063,30,142.0,846,42598,56.309999999999995,1.19,15888.99
2021-10,Athletic Footwear,Men's,Pennsylvania,Northeast,6063,30,121.0,204,8573,49.669999999999995,1.23,3271.1499999999996
2021-10,Athletic Footwear,Men's,Rhode Island,Northeast,6063,30,134.0,324,15160,54.48,1.22,5744.16
2021-10,Athletic Footwear,Men's,South Carolina,Southeast,4042,20,87.00000000000001,1008,44736,36.75,0.85,16968.0
2021-10,Athletic Footwear,Men's,South Dakota,Midwest,4042,20,86.0,325,14325,30.72,0.72,4666.5
2021-10,Athletic Footwear,Men's,Texas,South,24252,120,486.0,3839,168058,213.44,5.279999999999999,70886.64
2021-10,Athletic Footwear,Men's,Utah,West,6063,30,53.0,632,11748,22.1,1.25,4489.2
2021-10,Athletic Footwear,Men's,Vermont,Northeast,6063,30,158.0,474,26406,80.42000000000002,1.53,12623.94
2021-10,Athletic Footwear,Men's,Virginia,Southeast,6063,30,145.0,840,42864,59.06,1.22,16218.69
2021-10,Athletic Footwear,Men's,West Virginia,Northeast,4042,20,67.0,355,12185,30.64,0.92,5181.2
2021-10,Athletic Footwear,Men's,Wisconsin,Midwest,4042,20,68.0,293,10119,28.089999999999996,0.83,3833.37
2021-10,Athletic Footwear,Men's,Wyoming,West,4042,20,89.0,774,34656,31.1,0.7,11162.4
2021-10,Athletic Footwear,Women's,Alabama,South,18189,90,399.0,1760,90871,234.94000000000003,5.0200000000000005,55831.170000000006
2021-10,Athletic Footwear,Women's,Alaska,West,4042,20,124.00000000000001,192,12228,37.489999999999995,0.61,3329.58
2021-10,Athletic Footwear,Women's,Arizona,West,6063,30,120.0,492,20634,49.3,1.23,7894.26
2021-10,Athletic Footwear,Women's,Arkansas,South,6063,30,54.000000000000014,441,8278,24.82,1.3800000000000001,3559.54
2021-10,Athletic Footwear,Women's,Connecticut,Northeast,6063,30,148.0,233,12085,51.980000000000004,1.06,3931.6
2021-10,Athletic Footwear,Women's,Delaware,Northeast,4042,20,107.0,219,11913,48.0,0.9,4994.0
2021-10,Athletic Footwear,Women's,Florida,Southeast,6063,30,146.0,608,31188,51.41,1.06,10230.33
2021-10,Athletic Footwear,Women's,Georgia,Southeast,6063,30,121.00000000000001,527,22145,54.08,1.34,9391.12
2021-10,Athletic Footwear,Women's,Hawaii,West,4042,20,105.0,358,19275,32.25,0.62,5316.75
2021-10,Athletic Footwear,Women's,Idaho,West,6063,30,124.0,592,25379,69.65,1.6800000000000002,13477.9
2021-10,Athletic Footwear,Women's,Indiana,Midwest,4042,20,68.0,194,6702,27.43,0.8099999999999999,2505.4199999999996
2021-10,Athletic Footwear,Women's,Iowa,Midwest,4042,20,69.0,156,5429,24.78,0.72,1755.18
2021-10,Athletic Footwear,Women's,Kansas,Midwest,4042,20,39.000000000000014,222,4393,16.119999999999997,0.83,1653.6399999999999
2021-10,Athletic Footwear,Women's,Kentucky,Southeast,4042,20,86.0,192,8472,39.32,0.92,3595.44
2021-10,Athletic Footwear,Women's,Louisiana,South,6063,30,107.0,600,22500,47.33,1.3299999999999998,9489.599999999999
2021-10,Athletic Footwear,Women's,Maine,Northeast,12126,60,241.0,283,12237,84.58,2.12,3920.2200000000003
2021-10,Athletic Footwear,Women's,Maryland,Northeast,4042,20,99.0,96,4779,42.0,0.85,1827.0
2021-10,Athletic Footwear,Women's,Massachusetts,Northeast,6063,30,147.0,159,8174,44.53,0.9,2257.36
2021-10,Athletic Footwear,Women's,Michigan,Midwest,4042,20,78.00000000000001,516,20408,33.0,0.85,7804.0
2021-10,Athletic Footwear,Women's,Mississippi,South,6063,30,68.00000000000001,564,13345,30.5,1.35,5688.5
2021-10,Athletic Footwear,Women's,Missouri,Midwest,4042,20,48.0,284,6982,21.5,0.9,2928.5
2021-10,Athletic Footwear,Women's,New Hampshire,Northeast,6063,30,171.0,283,16973,60.24,1.05,5524.4
2021-10,Athletic Footwear,Women's,New Jersey,Northeast,4042,20,98.0,156,7738,44.96,0.92,3273.76
2021-10,Athletic Footwear,Women's,New Mexico,West,6063,30,131.0,557,25790,54.74,1.26,9912.7
2021-10,Athletic Footwear,Women's,New York,Northeast,4042,20,95.00000000000001,635,31075,33.45,0.71,9990.75
2021-10,Athletic Footwear,Women's,North Carolina,Southeast,4042,20,69.0,710,24690,32.36,0.9400000000000001,10637.6
2021-10,Athletic Footwear,Women's,North Dakota,Midwest,4042,20,78.0,158,6254,27.200000000000003,0.7,2001.6
2021-10,Athletic Footwear,Women's,Ohio,Midwest,4042,20,59.000000000000014,512,15248,26.79,0.91,6456.48
2021-10,Athletic Footwear,Women's,Oklahoma,South,6063,30,53.000000000000014,314,5866,23.660000000000004,1.34,2477.32
2021-10,Athletic Footwear,Women's,Oregon,West,6063,30,123.0,520,22065,50.129999999999995,1.22,8341.11
2021-10,Athletic Footwear,Women's,Pennsylvania,Northeast,6063,30,107.0,80,2983,48.04,1.3399999999999999,1263.56
2021-10,Athletic Footwear,Women's,Rhode Island,Northeast,6063,30,136.0,121,5728,61.05,1.35,2444.15
2021-10,Athletic Footwear,Women's,South Carolina,Southeast,4042,20,86.00000000000001,826,36466,29.900000000000002,0.7,11661.4
2021-10,Athletic Footwear,Women's,South Dakota,Midwest,4042,20,88.0,161,7173,32.849999999999994,0.75,2384.1
2021-10,Athletic Footwear,Women's,Texas,South,30315,150,721.0,3252,176980,388.47,8.0,93029.43000000001
2021-10,Athletic Footwear,Women's,Utah,West,6063,30,52.0,441,8090,24.43,1.4100000000000001,3514.52
2021-10,Athletic Footwear,Women's,Vermont,Northeast,6063,30,161.0,282,15836,64.41999999999999,1.2,5927.619999999999
2021-10,Athletic Footwear,Women's,Virginia,Southeast,6063,30,117.0,524,21774,47.31,1.21,8246.04
2021-10,Athletic Footwear,Women's,West Virginia,Northeast,4042,20,67.0,222,7629,30.96,0.93,3247.12
2021-10,Athletic Footwear,Women's,Wisconsin,Midwest,4042,20,67.0,158,5431,23.619999999999997,0.71,1745.46
2021-10,Athletic Footwear,Women's,Wyoming,West,4042,20,86.0,594,26254,34.60999999999999,0.8099999999999999,9725.589999999998
2021-10,Street Footwear,Men's,Alabama,South,12126,60,267.0,1955,96814,134.57,2.9299999999999997,47649.84
2021-10,Street Footwear,Men's,Alaska,West,4042,20,138.0,563,39184,56.46000000000001,0.8200000000000001,14636.480000000001
2021-10,Street Footwear,Men's,Arizona,West,6063,30,122.0,805,34155,50.55,1.25,13102.199999999999
2021-10,Street Footwear,Men's,Arkansas,South,6063,30,78.00000000000001,930,25830,34.95,1.35,10926.0
2021-10,Street Footwear,Men's,Connecticut,Northeast,6063,30,165.0,716,40705,75.77000000000001,1.37,17422.81
2021-10,Street Footwear,Men's,Delaware,Northeast,4042,20,116.0,603,35668,46.199999999999996,0.7999999999999999,13200.599999999999
2021-10,Street Footwear,Men's,Florida,Southeast,6063,30,136.0,640,30160,50.11,1.1099999999999999,10088.2
2021-10,Street Footwear,Men's,Georgia,Southeast,6063,30,121.00000000000001,829,35009,55.06,1.37,14961.74
2021-10,Street Footwear,Men's,Hawaii,West,4042,20,107.0,599,32573,34.55,0.65,9110.45
2021-10,Street Footwear,Men's,Idaho,West,6063,30,106.0,943,35042,48.16,1.3699999999999999,15039.92
2021-10,Street Footwear,Men's,Indiana,Midwest,4042,20,86.0,516,22755,39.729000000000006,0.93,9720.28
2021-10,Street Footwear,Men's,Iowa,Midwest,4042,20,88.0,512,22815,31.12925,0.71,7374.26
2021-10,Street Footwear,Men's,Kansas,Midwest,4042,20,59.000000000000014,645,19205,23.84,0.8099999999999999,7184.3
2021-10,Street Footwear,Men's,Kentucky,Southeast,4042,20,108.0,576,31427,51.14911111111111,0.9500000000000001,13572.5
2021-10,Street Footwear,Men's,Louisiana,South,6063,30,94.0,636,20908,43.11,1.3699999999999999,8989.32
2021-10,Street Footwear,Men's,Maine,Northeast,16168,80,349.0,2329,102187,145.99,3.36,38780.49
2021-10,Street Footwear,Men's,Maryland,Northeast,4042,20,107.0,488,26500,50.07893333333334,0.9400000000000001,11422.640000000001
2021-10,Street Footwear,Men's,Massachusetts,Northeast,6063,30,157.0,652,36120,56.849999999999994,1.0799999999999998,12020.4
2021-10,Street Footwear,Men's,Michigan,Midwest,4042,20,99.00000000000001,975,48525,54.89,1.1099999999999999,25475.25
2021-10,Street Footwear,Men's,Mississippi,South,6063,30,91.0,1067,34441,42.32,1.4000000000000001,14875.92
2021-10,Street Footwear,Men's,Missouri,Midwest,4042,20,69.0,656,22829,31.34,0.91,9621.54
2021-10,Street Footwear,Men's,New Hampshire,Northeast,6063,30,186.0,756,49290,83.76,1.35,20874.56
2021-10,Street Footwear,Men's,New Jersey,Northeast,4042,20,108.0,544,29681,43.629176470588234,0.8099999999999999,11082.119999999999
2021-10,Street Footwear,Men's,New Mexico,West,6063,30,133.0,886,41405,54.45,1.22,15799.45
2021-10,Street Footwear,Men's,New York,Northeast,4042,20,117.0,1008,59856,59.49,1.02,28357.920000000002
2021-10,Street Footwear,Men's,North Carolina,Southeast,4042,20,87.0,1120,49665,40.68,0.9400000000000001,21306.6
2021-10,Street Footwear,Men's,North Dakota,Midwest,4042,20,99.0,516,25683,40.529125,0.82,9671.13
2021-10,Street Footwear,Men's,Ohio,Midwest,4042,20,76.0,935,36560,34.72,0.92,15531.2
2021-10,Street Footwear,Men's,Oklahoma,South,6063,30,79.00000000000001,835,23183,37.06,1.4100000000000001,10071.62
2021-10,Street Footwear,Men's,Oregon,West,6063,30,107.0,571,21327,43.17,1.21,8067.61
2021-10,Street Footwear,Men's,Pennsylvania,Northeast,6063,30,119.0,760,31685,72.09,1.8200000000000003,18292.11
2021-10,Street Footwear,Men's,Rhode Island,Northeast,6063,30,145.0,582,29787,60.919066666666666,1.26,11423.609999999999
2021-10,Street Footwear,Men's,South Carolina,Southeast,4042,20,105.0,1219,65825,54.75,1.05,31451.25
2021-10,Street Footwear,Men's,South Dakota,Midwest,4042,20,109.0,504,27615,44.089124999999996,0.8099999999999999,10283.009999999998
2021-10,Street Footwear,Men's,Texas,South,24252,120,506.0,4118,184271,253.04,6.0,83851.54
2021-10,Street Footwear,Men's,Utah,West,6063,30,82.0,949,26918,37.56,1.3800000000000001,11637.720000000001
2021-10,Street Footwear,Men's,Vermont,Northeast,6063,30,171.0,765,46029,87.13,1.52,22088.11
2021-10,Street Footwear,Men's,Virginia,Southeast,6063,30,106.0,571,21208,42.3,1.2,7977.0
2021-10,Street Footwear,Men's,West Virginia,Northeast,4042,20,86.0,540,23839,40.13905882352942,0.9400000000000001,10195.7
2021-10,Street Footwear,Men's,Wisconsin,Midwest,4042,20,88.0,488,21733,31.559199999999997,0.72,7102.98
2021-10,Street Footwear,Men's,Wyoming,West,4042,20,105.0,977,52725,59.5,1.1400000000000001,27776.5
2021-10,Street Footwear,Women's,Alabama,South,18189,90,378.0,2403,116607,201.95,4.6899999999999995,60378.299999999996
2021-10,Street Footwear,Women's,Alaska,West,4042,20,124.00000000000001,221,14089,39.85,0.65,3929.3500000000004
2021-10,Street Footwear,Women's,Arizona,West,6063,30,120.0,527,22070,48.339999999999996,1.2,8313.84
2021-10,Street Footwear,Women's,Arkansas,South,6063,30,55.000000000000014,477,9066,24.86,1.36,3869.64
2021-10,Street Footwear,Women's,Connecticut,Northeast,6063,30,144.0,285,14418,52.61,1.1,4816.73
2021-10,Street Footwear,Women's,Delaware,Northeast,4042,20,105.0,252,13600,49.5,0.9500000000000001,5830.0
2021-10,Street Footwear,Women's,Florida,Southeast,6063,30,158.0,640,35664,55.17,1.0499999999999998,11596.96
2021-10,Street Footwear,Women's,Georgia,Southeast,6063,30,119.00000000000001,578,24096,47.65,1.2,9080.88
2021-10,Street Footwear,Women's,Hawaii,West,4042,20,116.0,387,22872,34.599999999999994,0.6,6205.2
2021-10,Street Footwear,Women's,Idaho,West,6063,30,117.0,835,34545,51.93,1.3299999999999998,14519.79
2021-10,Street Footwear,Women's,Indiana,Midwest,4042,20,67.0,188,6466,27.29,0.82,2409.0199999999995
2021-10,Street Footwear,Women's,Iowa,Midwest,4042,20,69.0,189,6576,24.439999999999998,0.71,2118.66
2021-10,Street Footwear,Women's,Kansas,Midwest,4042,20,39.000000000000014,260,5140,15.93,0.82,1935.8
2021-10,Street Footwear,Women's,Kentucky,Southeast,4042,20,88.0,222,9896,41.22,0.9400000000000001,4241.34
2021-10,Street Footwear,Women's,Louisiana,South,6063,30,120.00000000000001,628,26424,53.849999999999994,1.3499999999999999,11200.8
2021-10,Street Footwear,Women's,Maine,Northeast,12126,60,223.0,668,23631,104.82,2.83,10131.0
2021-10,Street Footwear,Women's,Maryland,Northeast,4042,20,99.0,125,6225,40.04,0.8099999999999999,2313.5
2021-10,Street Footwear,Women's,Massachusetts,Northeast,6063,30,149.0,197,10235,44.599999999999994,0.8999999999999999,2816.85
2021-10,Street Footwear,Women's,Michigan,Midwest,4042,20,77.00000000000001,548,21551,28.65,0.75,7147.95
2021-10,Street Footwear,Women's,Mississippi,South,6063,30,68.00000000000001,593,14007,31.89,1.4100000000000001,6091.68
2021-10,Street Footwear,Women's,Missouri,Midwest,4042,20,48.0,323,7929,19.79,0.83,2993.42
2021-10,Street Footwear,Women's,New Hampshire,Northeast,6063,30,176.0,314,19306,62.62,1.0699999999999998,6331.44
2021-10,Street Footwear,Women's,New Jersey,Northeast,4042,20,96.0,192,9432,43.0,0.9,3966.0
2021-10,Street Footwear,Women's,New Mexico,West,6063,30,132.0,600,27870,53.66,1.22,10563.3
2021-10,Street Footwear,Women's,New York,Northeast,4042,20,96.00000000000001,662,32552,30.900000000000002,0.65,9083.3
2021-10,Street Footwear,Women's,North Carolina,Southeast,4042,20,69.0,725,25225,31.34,0.91,10651.0
2021-10,Street Footwear,Women's,North Dakota,Midwest,4042,20,79.0,189,7521,29.16,0.74,2469.24
2021-10,Street Footwear,Women's,Ohio,Midwest,4042,20,57.000000000000014,531,15612,26.310000000000002,0.93,6616.860000000001
2021-10,Street Footwear,Women's,Oklahoma,South,6063,30,54.000000000000014,355,6656,24.080000000000002,1.33,2806.32
2021-10,Street Footwear,Women's,Oregon,West,6063,30,133.0,550,25719,53.73,1.21,9668.35
2021-10,Street Footwear,Women's,Pennsylvania,Northeast,6063,30,94.0,275,9039,42.93,1.3699999999999999,3870.7799999999997
2021-10,Street Footwear,Women's,Rhode Island,Northeast,6063,30,135.0,159,7505,61.0,1.36,3206.6
2021-10,Street Footwear,Women's,South Carolina,Southeast,4042,20,86.00000000000001,851,37591,27.240000000000002,0.64,10407.99
2021-10,Street Footwear,Women's,South Dakota,Midwest,4042,20,88.0,192,8556,30.700000000000003,0.7,2747.4
2021-10,Street Footwear,Women's,Texas,South,24252,120,566.0,3469,184401,258.8,5.46,79164.28
2021-10,Street Footwear,Women's,Utah,West,6063,30,52.0,477,8823,21.64,1.25,3389.67
2021-10,Street Footwear,Women's,Vermont,Northeast,6063,30,159.0,320,17826,65.3,1.22,6769.8
2021-10,Street Footwear,Women's,Virginia,Southeast,6063,30,135.0,564,26511,55.03999999999999,1.23,10084.42
2021-10,Street Footwear,Women's,West Virginia,Northeast,4042,20,68.0,219,7577,31.490000000000002,0.93,3219.56
2021-10,Street Footwear,Women's,Wisconsin,Midwest,4042,20,69.0,158,5497,25.119999999999997,0.73,1794.96
2021-10,Street Footwear,Women's,Wyoming,West,4042,20,87.0,625,27750,35.07,0.8099999999999999,10290.0
2021-11,Apparel,Men's,Alaska,West,4042,22,144.0,358,26352,42.9,0.6,7160.7
2021-11,Apparel,Men's,Arizona,West,6063,33,152.0,486,25467,54.07,1.0699999999999998,8408.67
2021-11,Apparel,Men's,Arkansas,South,6063,33,200.0,546,38409,81.64,1.23,14549.43
2021-11,Apparel,Men's,Connecticut,Northeast,6063,33,169.0,406,24202,61.74,1.1,8064.12
2021-11,Apparel,Men's,Delaware,Northeast,4042,22,125.0,347,22195,43.5,0.7,7090.5
2021-11,Apparel,Men's,Florida,Southeast,6063,33,220.0,746,58449,55.760000000000005,0.77,13241.42
2021-11,Apparel,Men's,Georgia,Southeast,6063,33,172.0,571,34463,68.81,1.2,12964.239999999998
2021-11,Apparel,Men's,Hawaii,West,4042,22,168.0,488,41254,37.65,0.44999999999999996,7594.95
2021-11,Apparel,Men's,Idaho,West,6063,33,150.0,680,35207,61.82917647058824,1.23,13364.32
2021-11,Apparel,Men's,Indiana,Midwest,4042,22,115.0,325,19125,40.0,0.7,6150.0
2021-11,Apparel,Men's,Iowa,Midwest,4042,22,115.0,224,13195,63.0,1.1,6867.0
2021-11,Apparel,Men's,Kansas,Midwest,4042,22,143.0,320,23510,57.53,0.8099999999999999,8752.1
2021-11,Apparel,Men's,Kentucky,Southeast,4042,22,124.0,228,14502,51.06999999999999,0.83,5482.209999999999
2021-11,Apparel,Men's,Louisiana,South,6063,33,191.0,741,49133,93.81,1.47,23074.870000000003
2021-11,Apparel,Men's,Maine,Northeast,20210,110,541.0,966,53744,166.46565476190477,3.1,14790.74
2021-11,Apparel,Men's,Maryland,Northeast,4042,22,116.0,156,9236,42.64,0.74,3013.84
2021-11,Apparel,Men's,Massachusetts,Northeast,6063,33,178.0,398,24560,56.19,0.95,6986.3
2021-11,Apparel,Men's,Michigan,Midwest,4042,22,119.0,576,34434,56.449999999999996,0.95,14888.699999999999
2021-11,Apparel,Men's,Mississippi,South,6063,33,205.0,680,48396,81.8,1.2,18201.3
2021-11,Apparel,Men's,Missouri,Midwest,4042,22,88.0,381,16982,36.38883333333333,0.83,6396.49
2021-11,Apparel,Men's,New Hampshire,Northeast,6063,33,205.0,477,33915,72.38,1.06,11091.18
2021-11,Apparel,Men's,New Jersey,Northeast,4042,22,115.0,284,16745,42.2,0.74,5477.8
2021-11,Apparel,Men's,New Mexico,West,6063,33,189.0,619,40669,69.58,1.1099999999999999,13724.18
2021-11,Apparel,Men's,New York,Northeast,4042,22,127.0,704,45298,50.64999999999999,0.7999999999999999,16809.1
2021-11,Apparel,Men's,North Carolina,Southeast,4042,22,147.0,788,58611,61.53,0.84,22156.89
2021-11,Apparel,Men's,North Dakota,Midwest,4042,22,115.0,194,11420,45.75,0.7999999999999999,4239.0
2021-11,Apparel,Men's,Ohio,Midwest,4042,22,156.0,613,48488,65.24000000000001,0.84,18439.12
2021-11,Apparel,Men's,Oklahoma,South,6063,33,206.0,437,31192,85.03999999999999,1.24,11937.579999999998
2021-11,Apparel,Men's,Oregon,West,6063,33,193.0,681,46673,89.72,1.4000000000000001,20160.92
2021-11,Apparel,Men's,Pennsylvania,Northeast,30315,165,807.0,881,50251,301.5872,5.63,17730.309999999998
2021-11,Apparel,Men's,Rhode Island,Northeast,6063,33,161.0,280,15675,57.71,1.0699999999999998,5138.47
2021-11,Apparel,Men's,South Carolina,Southeast,4042,22,136.0,921,63686,55.519999999999996,0.82,23842.42
2021-11,Apparel,Men's,South Dakota,Midwest,4042,22,119.0,195,11655,48.14,0.8099999999999999,4371.3
2021-11,Apparel,Men's,Utah,West,6063,33,107.0,564,20993,43.75,1.22,7947.73
2021-11,Apparel,Men's,Vermont,Northeast,6063,33,187.0,446,29160,77.5,1.24,11192.0
2021-11,Apparel,Men's,Virginia,Southeast,6063,33,204.0,672,47594,94.79,1.3900000000000001,20557.690000000002
2021-11,Apparel,Men's,West Virginia,Northeast,4042,22,127.0,378,24336,58.86,0.93,10363.08
2021-11,Apparel,Men's,Wisconsin,Midwest,4042,22,118.0,256,15248,65.96000000000001,1.12,8013.76
2021-11,Apparel,Men's,Wyoming,West,4042,22,106.0,618,33418,37.41,0.71,10827.63
2021-11,Apparel,Women's,Alaska,West,4042,22,154.0,476,37474,55.08,0.72,12139.08
2021-11,Apparel,Women's,Arizona,West,6063,33,154.0,676,37065,46.269999999999996,0.9,10162.65
2021-11,Apparel,Women's,Arkansas,South,6063,33,201.0,702,49446,92.54,1.3800000000000001,21246.48
2021-11,Apparel,Women's,Connecticut,Northeast,6063,33,189.0,561,36897,76.27,1.21,13919.029999999999
2021-11,Apparel,Women's,Delaware,Northeast,4042,22,134.0,473,32522,63.2,0.9500000000000001,13949.6
2021-11,Apparel,Women's,Florida,Southeast,6063,33,242.0,960,81000,124.24000000000001,1.54,39053.880000000005
2021-11,Apparel,Women's,Georgia,Southeast,6063,33,181.0,756,48532,53.589999999999996,0.8899999999999999,13227.88
2021-11,Apparel,Women's,Hawaii,West,4042,22,172.0,640,56480,78.64,0.92,23969.6
2021-11,Apparel,Women's,Idaho,West,6063,33,179.0,982,60788,108.05000000000001,1.81,35061.44
2021-11,Apparel,Women's,Indiana,Midwest,4042,22,125.99999999999999,441,28300,58.938857142857145,0.9400000000000001,12097.140000000001
2021-11,Apparel,Women's,Iowa,Midwest,4042,22,123.99999999999999,347,22122,56.67854545454546,0.92,9358.560000000001
2021-11,Apparel,Women's,Kansas,Midwest,4042,22,148.0,438,32674,59.83,0.8099999999999999,12142.54
2021-11,Apparel,Women's,Kentucky,Southeast,4042,22,136.0,355,24530,63.64,0.9400000000000001,10551.2
2021-11,Apparel,Women's,Louisiana,South,6063,33,230.0,954,76614,94.87,1.24,29338.32
2021-11,Apparel,Women's,Maine,Northeast,16168,88,448.0,1358,77970,206.31,3.6900000000000004,33096.97
2021-11,Apparel,Women's,Maryland,Northeast,4042,22,126.99999999999999,288,18530,46.15866666666666,0.73,6066.78
2021-11,Apparel,Women's,Massachusetts,Northeast,6063,33,182.0,571,36676,66.6,1.0999999999999999,12238.8
2021-11,Apparel,Women's,Michigan,Midwest,4042,22,123.99999999999999,794,50595,76.45912,1.2400000000000002,29223.190000000002
2021-11,Apparel,Women's,Mississippi,South,6063,33,194.0,851,58687,108.05000000000001,1.6800000000000002,31125.1
2021-11,Apparel,Women's,Missouri,Midwest,4042,22,97.99999999999999,508,25183,55.23875,1.13,13265.42
2021-11,Apparel,Women's,New Hampshire,Northeast,6063,33,219.0,636,48368,89.66999999999999,1.23,18453.76
2021-11,Apparel,Women's,New Jersey,Northeast,4042,22,123.99999999999999,416,26493,57.26876923076924,0.93,11295.17
2021-11,Apparel,Women's,New Mexico,West,6063,33,203.0,810,57100,63.63,0.94,16162.2
2021-11,Apparel,Women's,New York,Northeast,4042,22,138.0,826,57468,78.52000000000001,1.1400000000000001,30409.52
2021-11,Apparel,Women's,North Carolina,Southeast,4042,22,147.0,935,69495,83.58000000000001,1.1400000000000001,36864.3
2021-11,Apparel,Women's,North Dakota,Midwest,4042,22,124.99999999999999,315,20149,56.5984,0.91,8488.6
2021-11,Apparel,Women's,Ohio,Midwest,4042,22,154.0,742,58358,87.36,1.1400000000000001,30909.12
2021-11,Apparel,Women's,Oklahoma,South,6063,33,207.0,608,43365,91.80000000000001,1.33,18332.4
2021-11,Apparel,Women's,Oregon,West,6063,33,209.0,864,64069,75.53,1.0899999999999999,21191.73
2021-11,Apparel,Women's,Pennsylvania,Northeast,30315,165,763.0,1842,100796,260.01,5.08,31856.38
2021-11,Apparel,Women's,Rhode Island,Northeast,6063,33,171.0,435,26312,77.43854545454546,1.36,11231.92
2021-11,Apparel,Women's,South Carolina,Southeast,4042,22,149.0,1031,77119,84.12,1.13,40541.22
2021-11,Apparel,Women's,South Dakota,Midwest,4042,22,125.99999999999999,315,20214,56.498400000000004,0.9,8482.1
2021-11,Apparel,Women's,Utah,West,6063,33,122.99999999999999,721,30638,69.69888888888889,1.7000000000000002,16324.35
2021-11,Apparel,Women's,Vermont,Northeast,6063,33,202.0,597,42001,93.89,1.4,18166.519999999997
2021-11,Apparel,Women's,Virginia,Southeast,6063,33,214.0,875,65586,73.4,1.03,21095.2
2021-11,Apparel,Women's,West Virginia,Northeast,4042,22,134.0,500,34400,60.64,0.91,14464.0
2021-11,Apparel,Women's,Wisconsin,Midwest,4042,22,125.99999999999999,375,24074,57.108666666666664,0.91,10132.85
2021-11,Apparel,Women's,Wyoming,West,4042,22,115.0,736,43355,36.45,0.64,12078.45
2021-11,Athletic Footwear,Men's,Alaska,West,4042,22,124.00000000000001,381,24279,49.89,0.81,9023.34
2021-11,Athletic Footwear,Men's,Arizona,West,6063,33,134.0,835,39206,61.78,1.3900000000000001,16927.420000000002
2021-11,Athletic Footwear,Men's,Arkansas,South,6063,33,40.000000000000014,585,8217,16.869999999999997,1.27,3162.6699999999996
2021-11,Athletic Footwear,Men's,Connecticut,Northeast,6063,33,143.0,489,24669,65.54,1.3800000000000001,10614.78
2021-11,Athletic Footwear,Men's,Delaware,Northeast,4042,22,108.0,410,22380,43.629999999999995,0.8099999999999999,8328.55
2021-11,Athletic Footwear,Men's,Florida,Southeast,6063,33,160.0,1106,62076,50.24,0.95,17491.32
2021-11,Athletic Footwear,Men's,Georgia,Southeast,6063,33,158.0,932,51894,72.92,1.3800000000000001,22456.760000000002
2021-11,Athletic Footwear,Men's,Hawaii,West,4042,22,116.0,768,45408,29.919999999999998,0.52,10210.56
2021-11,Athletic Footwear,Men's,Idaho,West,6063,33,95.0,1087,35917,42.68,1.3499999999999999,15279.88
2021-11,Athletic Footwear,Men's,Indiana,Midwest,4042,22,68.0,423,14609,32.150000000000006,0.9500000000000001,6328.7
2021-11,Athletic Footwear,Men's,Iowa,Midwest,4042,22,67.0,347,11929,27.93,0.84,4497.71
2021-11,Athletic Footwear,Men's,Kansas,Midwest,4042,22,29.000000000000014,347,5133,12.25,0.85,1947.75
2021-11,Athletic Footwear,Men's,Kentucky,Southeast,4042,22,79.0,347,13808,32.33,0.82,5169.759999999999
2021-11,Athletic Footwear,Men's,Louisiana,South,6063,33,122.00000000000001,1134,48160,56.29,1.39,20871.199999999997
2021-11,Athletic Footwear,Men's,Maine,Northeast,16168,88,399.0,1248,62894,167.35,3.37,23870.26
2021-11,Athletic Footwear,Men's,Maryland,Northeast,4042,22,95.0,226,11045,38.65,0.82,4141.15
2021-11,Athletic Footwear,Men's,Massachusetts,Northeast,6063,33,147.0,492,25260,53.379999999999995,1.0899999999999999,8437.2
2021-11,Athletic Footwear,Men's,Michigan,Midwest,4042,22,87.00000000000001,645,28590,41.099999999999994,0.95,12349.5
2021-11,Athletic Footwear,Men's,Mississippi,South,6063,33,53.000000000000014,720,13401,20.8,1.18,4969.8
2021-11,Athletic Footwear,Men's,Missouri,Midwest,4042,22,48.00000000000001,438,10774,19.1,0.7999999999999999,3973.3
2021-11,Athletic Footwear,Men's,New Hampshire,Northeast,6063,33,169.0,537,31989,76.30000000000001,1.35,13668.36
2021-11,Athletic Footwear,Men's,New Jersey,Northeast,4042,22,96.0,355,17430,40.04,0.84,6615.7
2021-11,Athletic Footwear,Men's,New Mexico,West,6063,33,168.0,930,55770,76.78,1.37,23784.6
2021-11,Athletic Footwear,Men's,New York,Northeast,4042,22,99.00000000000001,762,37938,41.51,0.84,14389.619999999999
2021-11,Athletic Footwear,Men's,North Carolina,Southeast,4042,22,67.0,845,28990,27.29,0.82,10895.3
2021-11,Athletic Footwear,Men's,North Dakota,Midwest,4042,22,76.0,323,12628,28.2,0.75,4182.6
2021-11,Athletic Footwear,Men's,Ohio,Midwest,4042,22,49.000000000000014,640,15860,19.549999999999997,0.7999999999999999,5887.0
2021-11,Athletic Footwear,Men's,Oklahoma,South,6063,33,40.000000000000014,474,6648,16.01,1.2,2489.52
2021-11,Athletic Footwear,Men's,Oregon,West,6063,33,135.0,1047,49334,55.93,1.24,18969.86
2021-11,Athletic Footwear,Men's,Pennsylvania,Northeast,30315,165,736.0,1663,87989,281.46,5.72,31880.61
2021-11,Athletic Footwear,Men's,Rhode Island,Northeast,6063,33,136.0,362,17108,55.0,1.22,6484.799999999999
2021-11,Athletic Footwear,Men's,South Carolina,Southeast,4042,22,89.00000000000001,938,42022,35.55,0.7999999999999999,15534.9
2021-11,Athletic Footwear,Men's,South Dakota,Midwest,4042,22,86.0,313,13833,30.31,0.71,4434.03
2021-11,Athletic Footwear,Men's,Utah,West,6063,33,54.00000000000001,644,12064,21.66,1.2,4536.16
2021-11,Athletic Footwear,Men's,Vermont,Northeast,6063,33,162.0,504,28561,81.93,1.52,13615.84
2021-11,Athletic Footwear,Men's,Virginia,Southeast,6063,33,131.0,1040,47957,53.11,1.21,18047.25
2021-11,Athletic Footwear,Men's,West Virginia,Northeast,4042,22,68.0,445,15385,31.490000000000002,0.93,6561.55
2021-11,Athletic Footwear,Men's,Wisconsin,Midwest,4042,22,67.0,378,12996,27.29,0.82,4848.119999999999
2021-11,Athletic Footwear,Men's,Wyoming,West,4042,22,87.0,742,32889,31.56,0.73,10778.52
2021-11,Athletic Footwear,Women's,Alaska,West,4042,22,127.00000000000001,390,25080,39.81,0.63,6995.4
2021-11,Athletic Footwear,Women's,Arizona,West,6063,33,120.0,564,23694,49.349999999999994,1.24,9054.78
2021-11,Athletic Footwear,Women's,Arkansas,South,6063,33,147.0,612,31432,65.53999999999999,1.34,13338.619999999999
2021-11,Athletic Footwear,Women's,Connecticut,Northeast,6063,33,144.0,438,22362,51.93,1.0899999999999999,7415.1900000000005
2021-11,Athletic Footwear,Women's,Delaware,Northeast,4042,22,106.0,384,20784,49.03,0.93,8870.52
2021-11,Athletic Footwear,Women's,Florida,Southeast,6063,33,176.0,820,50090,63.0,1.0699999999999998,16594.6
2021-11,Athletic Footwear,Women's,Georgia,Southeast,6063,33,143.0,656,33096,65.54,1.3800000000000001,14259.12
2021-11,Athletic Footwear,Women's,Hawaii,West,4042,22,125.00000000000001,504,32240,39.65,0.64,8933.6
2021-11,Athletic Footwear,Women's,Idaho,West,6063,33,157.0,730,40382,85.3,1.63,21051.56
2021-11,Athletic Footwear,Women's,Indiana,Midwest,4042,22,69.0,358,12447,29.25,0.85,4779.75
2021-11,Athletic Footwear,Women's,Iowa,Midwest,4042,22,69.0,252,8768,24.439999999999998,0.71,2824.88
2021-11,Athletic Footwear,Women's,Kansas,Midwest,4042,22,109.00000000000001,358,19607,45.17,0.83,7445.110000000001
2021-11,Athletic Footwear,Women's,Kentucky,Southeast,4042,22,107.0,252,13704,48.0,0.9,5752.0
2021-11,Athletic Footwear,Women's,Louisiana,South,6063,33,138.0,780,37200,62.4,1.3599999999999999,15852.0
2021-11,Athletic Footwear,Women's,Maine,Northeast,20210,110,437.0,921,42179,155.17,3.56,13644.36
2021-11,Athletic Footwear,Women's,Maryland,Northeast,4042,22,98.0,191,9468,39.58,0.8099999999999999,3530.2799999999997
2021-11,Athletic Footwear,Women's,Massachusetts,Northeast,6063,33,148.0,438,22691,45.82,0.9299999999999999,6383.39
2021-11,Athletic Footwear,Women's,Michigan,Midwest,4042,22,86.00000000000001,613,27033,35.839999999999996,0.84,10253.669999999998
2021-11,Athletic Footwear,Women's,Mississippi,South,6063,33,157.00000000000003,720,39897,71.54,1.37,17043.3
2021-11,Athletic Footwear,Women's,Missouri,Midwest,4042,22,48.00000000000001,413,10149,21.96,0.92,4302.48
2021-11,Athletic Footwear,Women's,New Hampshire,Northeast,6063,33,172.0,524,31467,59.72,1.04,10180.18
2021-11,Athletic Footwear,Women's,New Jersey,Northeast,4042,22,99.0,315,15685,46.95,0.9500000000000001,6751.75
2021-11,Athletic Footwear,Women's,New Mexico,West,6063,33,155.0,676,37265,63.25,1.23,14128.15
2021-11,Athletic Footwear,Women's,New York,Northeast,4042,22,97.00000000000001,719,35518,33.8,0.7,11332.2
2021-11,Athletic Footwear,Women's,North Carolina,Southeast,4042,22,115.00000000000003,813,47965,52.05,0.91,20172.15
2021-11,Athletic Footwear,Women's,North Dakota,Midwest,4042,22,79.0,222,8833,28.77,0.73,2888.19
2021-11,Athletic Footwear,Women's,Ohio,Midwest,4042,22,124.00000000000003,635,40465,55.5,0.9,16982.5
2021-11,Athletic Footwear,Women's,Oklahoma,South,6063,33,144.0,465,23730,66.95,1.4000000000000001,10232.1
2021-11,Athletic Footwear,Women's,Oregon,West,6063,33,145.0,730,37242,58.699999999999996,1.22,14118.27
2021-11,Athletic Footwear,Women's,Pennsylvania,Northeast,30315,165,686.0,840,41821,299.90999999999997,6.56,17337.149999999998
2021-11,Athletic Footwear,Women's,Rhode Island,Northeast,6063,33,134.0,326,15232,62.60000000000001,1.4000000000000001,6632.8
2021-11,Athletic Footwear,Women's,South Carolina,Southeast,4042,22,108.00000000000001,975,53175,38.760000000000005,0.72,17383.5
2021-11,Athletic Footwear,Women's,South Dakota,Midwest,4042,22,88.0,219,9767,32.42,0.74,3194.98
2021-11,Athletic Footwear,Women's,Utah,West,6063,33,54.00000000000001,612,11507,23.990000000000002,1.33,4876.17
2021-11,Athletic Footwear,Women's,Vermont,Northeast,6063,33,157.0,471,26157,64.88,1.24,9934.98
2021-11,Athletic Footwear,Women's,Virginia,Southeast,6063,33,143.0,707,35810,58.25,1.22,13504.74
2021-11,Athletic Footwear,Women's,West Virginia,Northeast,4042,22,78.0,416,16458,36.900000000000006,0.9500000000000001,7101.9
2021-11,Athletic Footwear,Women's,Wisconsin,Midwest,4042,22,68.0,290,10020,25.349999999999998,0.75,3327.75
2021-11,Athletic Footwear,Women's,Wyoming,West,4042,22,87.0,635,28170,36.33,0.84,10653.3
2021-11,Street Footwear,Men's,Alaska,West,4042,22,143.0,548,40239,58.89,0.8300000000000001,15170.970000000001
2021-11,Street Footwear,Men's,Arizona,West,6063,33,118.0,785,32820,47.269999999999996,1.2,12306.899999999998
2021-11,Street Footwear,Men's,Arkansas,South,6063,33,67.00000000000001,869,20350,30.28,1.36,8673.28
2021-11,Street Footwear,Men's,Connecticut,Northeast,6063,33,176.0,685,41884,77.93,1.33,17647.57
2021-11,Street Footwear,Men's,Delaware,Northeast,4042,22,125.0,585,37350,50.95,0.82,14044.5
2021-11,Street Footwear,Men's,Florida,Southeast,6063,33,148.0,982,50871,51.24,1.04,16448.42
2021-11,Street Footwear,Men's,Georgia,Southeast,6063,33,142.0,835,42090,63.129999999999995,1.33,17729.13
2021-11,Street Footwear,Men's,Hawaii,West,4042,22,106.0,683,36933,32.620000000000005,0.62,10200.21
2021-11,Street Footwear,Men's,Idaho,West,6063,33,95.0,1060,35112,44.56999999999999,1.4099999999999997,15274.56
2021-11,Street Footwear,Men's,Indiana,Midwest,4042,22,86.0,548,24167,38.90905882352941,0.91,10221.53
2021-11,Street Footwear,Men's,Iowa,Midwest,4042,22,86.0,512,22591,31.53925,0.74,7420.18
2021-11,Street Footwear,Men's,Kansas,Midwest,4042,22,48.000000000000014,572,14056,19.559999999999995,0.82,5256.32
2021-11,Street Footwear,Men's,Kentucky,Southeast,4042,22,98.0,548,27154,44.96,0.92,11570.08
2021-11,Street Footwear,Men's,Louisiana,South,6063,33,107.0,1032,38464,48.66,1.3699999999999999,16548.04
2021-11,Street Footwear,Men's,Maine,Northeast,16168,88,449.0,2488,140111,184.6479898989899,3.3,52683.149999999994
2021-11,Street Footwear,Men's,Maryland,Northeast,4042,22,118.0,438,26104,55.900000000000006,0.9500000000000001,11207.2
2021-11,Street Footwear,Men's,Massachusetts,Northeast,6063,33,176.0,608,37261,63.31,1.08,12383.08
2021-11,Street Footwear,Men's,Michigan,Midwest,4042,22,99.00000000000001,871,43354,55.870000000000005,1.13,22925.52
2021-11,Street Footwear,Men's,Mississippi,South,6063,33,80.00000000000001,994,27846,36.8,1.3800000000000001,11958.64
2021-11,Street Footwear,Men's,Missouri,Midwest,4042,22,69.0,650,22600,31.34,0.91,9601.0
2021-11,Street Footwear,Men's,New Hampshire,Northeast,6063,33,202.0,716,50497,91.41,1.36,21496.81
2021-11,Street Footwear,Men's,New Jersey,Northeast,4042,22,119.0,508,30372,49.32,0.83,11458.56
2021-11,Street Footwear,Men's,New Mexico,West,6063,33,165.0,886,50552,68.69,1.25,19488.72
2021-11,Street Footwear,Men's,New York,Northeast,4042,22,116.0,992,58652,57.8,1.0,27608.6
2021-11,Street Footwear,Men's,North Carolina,Southeast,4042,22,89.0,1040,46585,42.2,0.9500000000000001,20053.0
2021-11,Street Footwear,Men's,North Dakota,Midwest,4042,22,99.0,520,25879,41.999125,0.85,9939.65
2021-11,Street Footwear,Men's,Ohio,Midwest,4042,22,69.0,844,29371,31.68,0.92,12437.92
2021-11,Street Footwear,Men's,Oklahoma,South,6063,33,64.00000000000001,774,17590,29.46,1.3800000000000001,7570.5
2021-11,Street Footwear,Men's,Oregon,West,6063,33,123.0,938,39947,48.56999999999999,1.18,14947.97
2021-11,Street Footwear,Men's,Pennsylvania,Northeast,30315,165,783.0,3814,209159,456.93,8.74,116793.07
2021-11,Street Footwear,Men's,Rhode Island,Northeast,6063,33,155.0,550,30425,64.75,1.26,11674.25
2021-11,Street Footwear,Men's,South Carolina,Southeast,4042,22,105.0,1203,64775,53.25,1.02,30816.75
2021-11,Street Footwear,Men's,South Dakota,Midwest,4042,22,108.0,504,27511,45.219125000000005,0.84,10400.529999999999
2021-11,Street Footwear,Men's,Utah,West,6063,33,81.0,864,24451,35.96,1.33,10321.4
2021-11,Street Footwear,Men's,Vermont,Northeast,6063,33,188.0,716,47124,96.9,1.5499999999999998,22793.4
2021-11,Street Footwear,Men's,Virginia,Southeast,6063,33,121.0,903,38267,49.769999999999996,1.24,14586.39
2021-11,Street Footwear,Men's,West Virginia,Northeast,4042,22,89.0,567,25397,40.879111111111115,0.92,10776.560000000001
2021-11,Street Footwear,Men's,Wisconsin,Midwest,4042,22,86.0,504,22263,31.12925,0.73,7233.219999999999
2021-11,Street Footwear,Men's,Wyoming,West,4042,22,108.0,968,52804,59.83,1.1099999999999999,27672.94
2021-11,Street Footwear,Women's,Alaska,West,4042,22,124.00000000000001,413,26287,39.260000000000005,0.64,7339.93
2021-11,Street Footwear,Women's,Arizona,West,6063,33,122.0,604,25587,48.86,1.2,9627.33
2021-11,Street Footwear,Women's,Arkansas,South,6063,33,67.00000000000001,512,12008,29.900000000000002,1.34,5089.04
2021-11,Street Footwear,Women's,Connecticut,Northeast,6063,33,142.0,478,24013,52.769999999999996,1.1199999999999999,8075.46
2021-11,Street Footwear,Women's,Delaware,Northeast,4042,22,107.0,406,22072,48.52,0.91,9320.720000000001
2021-11,Street Footwear,Women's,Florida,Southeast,6063,33,152.0,845,44278,54.510000000000005,1.08,14673.25
2021-11,Street Footwear,Women's,Georgia,Southeast,6063,33,148.0,685,35240,60.23,1.22,13361.949999999999
2021-11,Street Footwear,Women's,Hawaii,West,4042,22,105.0,548,29525,33.75,0.65,8303.75
2021-11,Street Footwear,Women's,Idaho,West,6063,33,160.0,960,53520,72.96,1.3599999999999999,22802.399999999998
2021-11,Street Footwear,Women's,Indiana,Midwest,4042,22,67.0,351,12042,27.61,0.83,4551.66
2021-11,Street Footwear,Women's,Iowa,Midwest,4042,22,67.0,277,9524,24.580000000000002,0.74,3112.56
2021-11,Street Footwear,Women's,Kansas,Midwest,4042,22,48.000000000000014,275,6765,20.25,0.85,2557.5
2021-11,Street Footwear,Women's,Kentucky,Southeast,4042,22,86.0,277,12237,38.910000000000004,0.91,5151.87
2021-11,Street Footwear,Women's,Louisiana,South,6063,33,108.0,820,30946,49.559999999999995,1.38,13287.52
2021-11,Street Footwear,Women's,Maine,Northeast,20210,110,426.0,1212,53392,197.37,4.66,22816.989999999998
2021-11,Street Footwear,Women's,Maryland,Northeast,4042,22,99.0,218,10852,42.0,0.85,4151.0
2021-11,Street Footwear,Women's,Massachusetts,Northeast,6063,33,149.0,469,24379,44.95,0.9099999999999999,6751.45
2021-11,Street Footwear,Women's,Michigan,Midwest,4042,22,88.00000000000001,565,25185,32.849999999999994,0.75,8329.5
2021-11,Street Footwear,Women's,Mississippi,South,6063,33,80.00000000000001,625,17576,36.36,1.36,7517.88
2021-11,Street Footwear,Women's,Missouri,Midwest,4042,22,48.00000000000001,375,9215,20.02,0.84,3482.85
2021-11,Street Footwear,Women's,New Hampshire,Northeast,6063,33,179.0,563,34791,65.69999999999999,1.0999999999999999,11710.8
2021-11,Street Footwear,Women's,New Jersey,Northeast,4042,22,98.0,338,16764,44.480000000000004,0.91,7064.64
2021-11,Street Footwear,Women's,New Mexico,West,6063,33,160.0,716,40172,63.94,1.2,15018.619999999999
2021-11,Street Footwear,Women's,New York,Northeast,4042,22,95.00000000000001,692,33865,28.7,0.61,9193.9
2021-11,Street Footwear,Women's,North Carolina,Southeast,4042,22,78.00000000000001,762,30146,36.519999999999996,0.9400000000000001,12946.84
2021-11,Street Footwear,Women's,North Dakota,Midwest,4042,22,79.0,248,9867,29.16,0.74,3249.48
2021-11,Street Footwear,Women's,Ohio,Midwest,4042,22,67.00000000000001,561,19287,30.0,0.9,8086.0
2021-11,Street Footwear,Women's,Oklahoma,South,6063,33,67.00000000000001,400,9366,30.590000000000003,1.37,4030.8500000000004
2021-11,Street Footwear,Women's,Oregon,West,6063,33,119.0,755,31615,50.19,1.27,12212.13
2021-11,Street Footwear,Women's,Pennsylvania,Northeast,30315,165,653.0,1397,64448,280.59,6.46,26283.26
2021-11,Street Footwear,Women's,Rhode Island,Northeast,6063,33,135.0,352,16588,62.57000000000001,1.3900000000000001,7191.08
2021-11,Street Footwear,Women's,South Carolina,Southeast,4042,22,88.00000000000001,897,39961,26.299999999999997,0.6,10858.85
2021-11,Street Footwear,Women's,South Dakota,Midwest,4042,22,88.0,252,11226,32.42,0.74,3710.94
2021-11,Street Footwear,Women's,Utah,West,6063,33,53.00000000000001,545,10165,22.0,1.25,3892.3199999999997
2021-11,Street Footwear,Women's,Vermont,Northeast,6063,33,163.0,518,29364,65.38,1.2,11082.6
2021-11,Street Footwear,Women's,Virginia,Southeast,6063,33,121.0,756,32028,49.26,1.22,12169.98
2021-11,Street Footwear,Women's,West Virginia,Northeast,4042,22,67.0,372,12789,30.0,0.9,5362.0
2021-11,Street Footwear,Women's,Wisconsin,Midwest,4042,22,68.0,314,10852,24.36,0.72,3528.84
2021-11,Street Footwear,Women's,Wyoming,West,4042,22,87.0,666,29532,36.75,0.85,11256.0
2021-12,Apparel,Men's,Arizona,West,6063,36,149.0,547,28404,53.14,1.0699999999999998,9299.2
2021-12,Apparel,Men's,Arkansas,South,6063,36,184.0,644,41768,75.86,1.24,15952.32
2021-12,Apparel,Men's,Connecticut,Northeast,6063,36,167.0,477,28338,61.2,1.0999999999999999,9411.3
2021-12,Apparel,Men's,Delaware,Northeast,4042,24,126.0,416,26676,43.900000000000006,0.7,8557.9
2021-12,Apparel,Men's,Florida,Southeast,6063,36,240.0,851,71348,64.74,0.81,16853.26
2021-12,Apparel,Men's,Georgia,Southeast,6063,36,173.0,636,38704,71.47,1.23,14818.4
2021-12,Apparel,Men's,Hawaii,West,4042,24,174.0,553,49002,35.34,0.41000000000000003,8533.02
2021-12,Apparel,Men's,Idaho,West,6063,36,148.0,755,39095,61.379263157894734,1.25,14993.509999999998
2021-12,Apparel,Men's,Indiana,Midwest,4042,24,114.0,384,22536,41.22,0.73,7350.48
2021-12,Apparel,Men's,Iowa,Midwest,4042,24,119.0,284,16981,65.99,1.1099999999999999,8873.41
2021-12,Apparel,Men's,Kansas,Midwest,4042,24,134.0,381,26184,56.5,0.85,9942.0
2021-12,Apparel,Men's,Kentucky,Southeast,4042,24,114.0,293,17172,46.379999999999995,0.82,6450.84
2021-12,Apparel,Men's,Louisiana,South,6063,36,222.0,824,64607,112.21000000000001,1.51,30746.81
2021-12,Apparel,Men's,Maine,Northeast,12126,72,341.0,606,35449,104.56633333333333,1.85,9708.97
2021-12,Apparel,Men's,Maryland,Northeast,4042,24,114.0,226,13254,40.14,0.71,4279.139999999999
2021-12,Apparel,Men's,Massachusetts,Northeast,6063,36,179.0,474,29388,55.51,0.9299999999999999,8263.32
2021-12,Apparel,Men's,Michigan,Midwest,4042,24,115.0,693,40865,52.599999999999994,0.9199999999999999,17289.8
2021-12,Apparel,Men's,Mississippi,South,6063,36,189.0,756,49788,77.52,1.23,18889.14
2021-12,Apparel,Men's,Missouri,Midwest,4042,24,87.0,438,19445,36.748999999999995,0.85,7360.15
2021-12,Apparel,Men's,New Hampshire,Northeast,6063,36,199.0,578,40170,72.82,1.1,13491.6
2021-12,Apparel,Men's,New Jersey,Northeast,4042,24,115.0,358,21065,42.75,0.75,7004.25
2021-12,Apparel,Men's,New Mexico,West,6063,36,189.0,672,44406,67.94999999999999,1.0799999999999998,14675.4
2021-12,Apparel,Men's,New York,Northeast,4042,24,125.0,730,46675,50.35,0.8099999999999999,17359.25
2021-12,Apparel,Men's,North Carolina,Southeast,4042,24,135.0,844,58235,56.349999999999994,0.84,21920.15
2021-12,Apparel,Men's,North Dakota,Midwest,4042,24,118.0,254,15132,47.099999999999994,0.7999999999999999,5609.4
2021-12,Apparel,Men's,Ohio,Midwest,4042,24,143.0,667,49031,59.57,0.84,18512.69
2021-12,Apparel,Men's,Oklahoma,South,6063,36,194.0,504,33729,79.62,1.23,12801.22
2021-12,Apparel,Men's,Oregon,West,6063,36,206.0,765,56054,93.38,1.37,23972.66
2021-12,Apparel,Men's,Pennsylvania,Northeast,36378,216,1015.0,1476,89080,396.25759999999997,6.999999999999999,32738.03
2021-12,Apparel,Men's,Rhode Island,Northeast,6063,36,157.0,367,20342,57.25,1.1,6810.02
2021-12,Apparel,Men's,South Carolina,Southeast,4042,24,136.0,1000,69100,54.199999999999996,0.7999999999999999,25670.0
2021-12,Apparel,Men's,South Dakota,Midwest,4042,24,116.0,250,14800,46.199999999999996,0.7999999999999999,5460.0
2021-12,Apparel,Men's,Utah,West,6063,36,105.0,636,23604,44.07,1.26,9100.68
2021-12,Apparel,Men's,Vermont,Northeast,6063,36,185.0,510,33169,76.82000000000001,1.25,12664.099999999999
2021-12,Apparel,Men's,Virginia,Southeast,6063,36,211.0,765,56839,93.5,1.33,23974.22
2021-12,Apparel,Men's,West Virginia,Northeast,4042,24,126.0,445,28545,56.5,0.9,11997.5
2021-12,Apparel,Men's,Wisconsin,Midwest,4042,24,117.0,323,19161,64.19999999999999,1.1,9996.6
2021-12,Apparel,Men's,Wyoming,West,4042,24,109.0,645,35330,40.8,0.75,11773.5
2021-12,Apparel,Women's,Arizona,West,6063,36,161.0,720,40635,48.5,0.9,11272.5
2021-12,Apparel,Women's,Arkansas,South,6063,36,200.0,820,57350,90.45,1.36,24562.5
2021-12,Apparel,Women's,Connecticut,Northeast,6063,36,189.0,632,41744,74.56,1.18,15560.64
2021-12,Apparel,Women's,Delaware,Northeast,4042,24,135.0,548,37745,60.5,0.9,15897.5
2021-12,Apparel,Women's,Florida,Southeast,6063,36,246.0,981,85747,121.32,1.48,40327.35
2021-12,Apparel,Women's,Georgia,Southeast,6063,36,181.0,795,51160,54.0,0.8999999999999999,14030.0
2021-12,Apparel,Women's,Hawaii,West,4042,24,184.0,667,62513,82.5,0.9,26269.0
2021-12,Apparel,Women's,Idaho,West,6063,36,172.0,1153,69789,105.82000000000002,1.85,40684.590000000004
2021-12,Apparel,Women's,Indiana,Midwest,4042,24,126.99999999999999,520,33439,56.999,0.9,14119.6
2021-12,Apparel,Women's,Iowa,Midwest,4042,24,123.99999999999999,413,26316,58.44876923076923,0.9500000000000001,11305.2
2021-12,Apparel,Women's,Kansas,Midwest,4042,24,143.0,512,37616,57.53,0.8099999999999999,14003.36
2021-12,Apparel,Women's,Kentucky,Southeast,4042,24,129.0,423,27396,59.91876923076923,0.93,11773.76
2021-12,Apparel,Women's,Louisiana,South,6063,36,236.00000000000003,994,82921,94.24999999999999,1.2,31117.149999999998
2021-12,Apparel,Women's,Maine,Northeast,12126,72,371.0,1279,79643,173.05,2.81,34135.47
2021-12,Apparel,Women's,Maryland,Northeast,4042,24,125.99999999999999,347,22266,45.118909090909085,0.72,7206.84
2021-12,Apparel,Women's,Massachusetts,Northeast,6063,36,186.0,640,41808,66.42999999999999,1.0699999999999998,13757.439999999999
2021-12,Apparel,Women's,Michigan,Midwest,4042,24,123.99999999999999,813,51866,74.09915384615385,1.2000000000000002,29488.0
2021-12,Apparel,Women's,Mississippi,South,6063,36,199.0,897,62783,109.96000000000001,1.6600000000000001,32987.84
2021-12,Apparel,Women's,Missouri,Midwest,4042,24,96.99999999999999,576,28421,53.66888888888889,1.1099999999999999,14861.92
2021-12,Apparel,Women's,New Hampshire,Northeast,6063,36,215.0,711,53442,88.66,1.24,20356.02
2021-12,Apparel,Women's,New Jersey,Northeast,4042,24,123.99999999999999,476,30333,57.85893333333334,0.9400000000000001,12967.460000000001
2021-12,Apparel,Women's,New Mexico,West,6063,36,203.0,829,58495,59.07,0.87,15760.71
2021-12,Apparel,Women's,New York,Northeast,4042,24,139.0,857,59808,79.16,1.1400000000000001,31662.12
2021-12,Apparel,Women's,North Carolina,Southeast,4042,24,144.0,1000,73650,82.35,1.15,39153.75
2021-12,Apparel,Women's,North Dakota,Midwest,4042,24,127.99999999999999,378,24413,59.388666666666666,0.93,10404.02
2021-12,Apparel,Women's,Ohio,Midwest,4042,24,154.0,781,61544,84.4,1.1,31926.4
2021-12,Apparel,Women's,Oklahoma,South,6063,36,194.0,676,46767,85.93,1.33,19739.04
2021-12,Apparel,Women's,Oregon,West,6063,36,217.0,949,73251,75.0,1.04,23749.6
2021-12,Apparel,Women's,Pennsylvania,Northeast,30315,180,896.0,2274,144428,309.82888888888886,5.1899999999999995,45835.24
2021-12,Apparel,Women's,Rhode Island,Northeast,6063,36,176.0,521,31885,80.92876923076923,1.3800000000000001,13688.830000000002
2021-12,Apparel,Women's,South Carolina,Southeast,4042,24,143.0,1103,81129,78.3,1.1,42114.9
2021-12,Apparel,Women's,South Dakota,Midwest,4042,24,129.0,375,24299,59.278666666666666,0.92,10295.6
2021-12,Apparel,Women's,Utah,West,6063,36,115.99999999999999,795,32679,63.199,1.63,17015.6
2021-12,Apparel,Women's,Vermont,Northeast,6063,36,203.0,676,47783,93.56,1.39,20587.159999999996
2021-12,Apparel,Women's,Virginia,Southeast,6063,36,232.0,915,73525,83.50999999999999,1.08,24274.0
2021-12,Apparel,Women's,West Virginia,Northeast,4042,24,138.0,572,39796,65.4,0.9500000000000001,17162.8
2021-12,Apparel,Women's,Wisconsin,Midwest,4042,24,123.99999999999999,438,27941,56.67885714285715,0.92,11799.44
2021-12,Apparel,Women's,Wyoming,West,4042,24,116.0,774,45744,35.16,0.61,12507.84
2021-12,Athletic Footwear,Men's,Alaska,West,4042,24,125.00000000000001,512,32720,50.95,0.8200000000000001,12258.4
2021-12,Athletic Footwear,Men's,Arizona,West,6063,36,132.0,1013,46854,61.64,1.4000000000000001,20363.84
2021-12,Athletic Footwear,Men's,Arkansas,South,6063,36,160.0,795,44690,64.78,1.22,16905.2
2021-12,Athletic Footwear,Men's,Connecticut,Northeast,6063,36,143.0,607,30623,64.66,1.36,13058.16
2021-12,Athletic Footwear,Men's,Delaware,Northeast,4042,24,105.0,500,27000,43.25,0.83,10100.0
2021-12,Athletic Footwear,Men's,Florida,Southeast,6063,36,222.0,1256,98480,67.0,0.9099999999999999,27104.8
2021-12,Athletic Footwear,Men's,Georgia,Southeast,6063,36,157.0,1087,60159,73.07000000000001,1.4000000000000001,26097.45
2021-12,Athletic Footwear,Men's,Hawaii,West,4042,24,162.0,882,73514,40.10000000000001,0.5,16104.2
2021-12,Athletic Footwear,Men's,Idaho,West,6063,36,147.0,1224,63123,68.39948387096774,1.4,27331.86
2021-12,Athletic Footwear,Men's,Indiana,Midwest,4042,24,99.0,508,25292,46.95,0.9500000000000001,10910.6
2021-12,Athletic Footwear,Men's,Iowa,Midwest,4042,24,97.0,416,20527,39.59,0.82,7697.69
2021-12,Athletic Footwear,Men's,Kansas,Midwest,4042,24,119.0,520,31080,50.5,0.85,11940.0
2021-12,Athletic Footwear,Men's,Kentucky,Southeast,4042,24,107.0,423,22971,44.21,0.83,8702.33
2021-12,Athletic Footwear,Men's,Louisiana,South,6063,36,204.00000000000003,1264,92448,90.88,1.3399999999999999,39050.24
2021-12,Athletic Footwear,Men's,Maine,Northeast,12126,72,303.0,1059,54177,125.39999999999999,2.4899999999999998,20465.85
2021-12,Athletic Footwear,Men's,Maryland,Northeast,4042,24,96.0,315,15490,40.5,0.85,5870.0
2021-12,Athletic Footwear,Men's,Massachusetts,Northeast,6063,36,145.0,593,30371,49.54,1.02,9751.42
2021-12,Athletic Footwear,Men's,Michigan,Midwest,4042,24,96.0,826,40596,44.379999999999995,0.9299999999999999,17290.879999999997
2021-12,Athletic Footwear,Men's,Mississippi,South,6063,36,162.0,931,52334,65.7,1.21,19752.38
2021-12,Athletic Footwear,Men's,Missouri,Midwest,4042,24,67.0,563,19366,27.61,0.83,7248.18
2021-12,Athletic Footwear,Men's,New Hampshire,Northeast,6063,36,173.0,668,40682,79.03,1.37,17415.99
2021-12,Athletic Footwear,Men's,New Jersey,Northeast,4042,24,99.0,455,22645,41.019999999999996,0.83,8594.6
2021-12,Athletic Footwear,Men's,New Mexico,West,6063,36,173.0,1099,66801,78.59,1.37,28544.53
2021-12,Athletic Footwear,Men's,New York,Northeast,4042,24,106.0,844,45744,44.75,0.85,17303.25
2021-12,Athletic Footwear,Men's,North Carolina,Southeast,4042,24,115.0,977,57610,45.74999999999999,0.7999999999999999,21274.499999999996
2021-12,Athletic Footwear,Men's,North Dakota,Midwest,4042,24,96.0,375,18450,35.699999999999996,0.75,6052.5
2021-12,Athletic Footwear,Men's,Ohio,Midwest,4042,24,125.00000000000001,806,51485,50.95,0.82,19322.95
2021-12,Athletic Footwear,Men's,Oklahoma,South,6063,36,165.0,693,39405,64.96,1.18,14692.039999999999
2021-12,Athletic Footwear,Men's,Oregon,West,6063,36,203.00000000000003,1201,84994,82.49,1.22,32283.82
2021-12,Athletic Footwear,Men's,Pennsylvania,Northeast,30315,180,748.0,2036,106873,288.53,5.77,38467.06
2021-12,Athletic Footwear,Men's,Rhode Island,Northeast,6063,36,132.0,480,22284,52.79,1.2,8331.18
2021-12,Athletic Footwear,Men's,South Carolina,Southeast,4042,24,118.0,1094,65202,47.099999999999994,0.7999999999999999,24090.9
2021-12,Athletic Footwear,Men's,South Dakota,Midwest,4042,24,95.0,375,18375,34.35,0.73,5951.25
2021-12,Athletic Footwear,Men's,Utah,West,6063,36,80.0,815,22800,33.46,1.26,8810.2
2021-12,Athletic Footwear,Men's,Vermont,Northeast,6063,36,156.0,632,34912,78.16,1.51,16585.12
2021-12,Athletic Footwear,Men's,Virginia,Southeast,6063,36,203.00000000000003,1200,85050,81.69,1.21,32161.5
2021-12,Athletic Footwear,Men's,West Virginia,Northeast,4042,24,107.0,585,31770,49.04,0.92,13550.4
2021-12,Athletic Footwear,Men's,Wisconsin,Midwest,4042,24,99.0,452,22498,40.53,0.82,8474.06
2021-12,Athletic Footwear,Men's,Wyoming,West,4042,24,89.0,768,34392,31.54,0.71,11130.72
2021-12,Athletic Footwear,Women's,Arizona,West,6063,36,121.0,668,28281,48.67,1.21,10650.11
2021-12,Athletic Footwear,Women's,Arkansas,South,6063,36,157.0,644,35800,71.47,1.37,15370.0
2021-12,Athletic Footwear,Women's,Connecticut,Northeast,6063,36,146.0,483,24759,52.059999999999995,1.0699999999999998,8163.42
2021-12,Athletic Footwear,Women's,Delaware,Northeast,4042,24,108.0,423,23069,50.620000000000005,0.9400000000000001,9954.76
2021-12,Athletic Footwear,Women's,Florida,Southeast,6063,36,216.0,984,73872,75.69999999999999,1.0499999999999998,24179.28
2021-12,Athletic Footwear,Women's,Georgia,Southeast,6063,36,146.0,746,38373,64.7,1.33,16173.6
2021-12,Athletic Footwear,Women's,Hawaii,West,4042,24,153.0,645,50585,45.55,0.6,13704.75
2021-12,Athletic Footwear,Women's,Idaho,West,6063,36,163.0,851,47974,91.23,1.67,25405.62
2021-12,Athletic Footwear,Women's,Indiana,Midwest,4042,24,95.0,387,18915,40.0,0.85,7207.5
2021-12,Athletic Footwear,Women's,Iowa,Midwest,4042,24,99.0,286,14239,36.07,0.73,4660.27
2021-12,Athletic Footwear,Women's,Kansas,Midwest,4042,24,119.0,390,23310,47.55,0.7999999999999999,8689.5
2021-12,Athletic Footwear,Women's,Kentucky,Southeast,4042,24,99.0,293,14582,45.97,0.93,6265.96
2021-12,Athletic Footwear,Women's,Louisiana,South,6063,36,200.00000000000003,948,66408,93.78999999999999,1.41,28848.0
2021-12,Athletic Footwear,Women's,Maine,Northeast,12126,72,280.0,637,30703,101.57,2.19,10005.71
2021-12,Athletic Footwear,Women's,Maryland,Northeast,4042,24,99.0,219,10906,40.53,0.82,4075.8199999999997
2021-12,Athletic Footwear,Women's,Massachusetts,Northeast,6063,36,150.0,480,24915,45.550000000000004,0.91,6871.2
2021-12,Athletic Footwear,Women's,Michigan,Midwest,4042,24,98.0,688,34124,40.54,0.83,12804.52
2021-12,Athletic Footwear,Women's,Mississippi,South,6063,36,157.0,751,41811,72.39,1.3900000000000001,18028.57
2021-12,Athletic Footwear,Women's,Missouri,Midwest,4042,24,69.0,438,15242,31.680000000000003,0.92,6455.84
2021-12,Athletic Footwear,Women's,New Hampshire,Northeast,6063,36,176.0,554,33890,63.92999999999999,1.0899999999999999,11215.039999999999
2021-12,Athletic Footwear,Women's,New Jersey,Northeast,4042,24,97.0,358,17651,43.97,0.91,7489.51
2021-12,Athletic Footwear,Women's,New Mexico,West,6063,36,160.0,805,45175,64.3,1.21,17048.5
2021-12,Athletic Footwear,Women's,New York,Northeast,4042,24,109.0,730,39995,38.64,0.71,12919.2
2021-12,Athletic Footwear,Women's,North Carolina,Southeast,4042,24,115.0,871,51280,53.7,0.9400000000000001,22021.2
2021-12,Athletic Footwear,Women's,North Dakota,Midwest,4042,24,97.0,254,12538,34.269999999999996,0.71,4040.58
2021-12,Athletic Footwear,Women's,Ohio,Midwest,4042,24,128.0,672,43386,57.5,0.9,18280.5
2021-12,Athletic Footwear,Women's,Oklahoma,South,6063,36,159.0,533,29706,72.87,1.3800000000000001,12798.78
2021-12,Athletic Footwear,Women's,Oregon,West,6063,36,190.0,858,56826,75.32,1.19,21197.0
2021-12,Athletic Footwear,Women's,Pennsylvania,Northeast,30315,180,723.0,1324,67421,317.39,6.56,28051.01
2021-12,Athletic Footwear,Women's,Rhode Island,Northeast,6063,36,132.0,367,16988,58.620000000000005,1.33,7185.74
2021-12,Athletic Footwear,Women's,South Carolina,Southeast,4042,24,119.0,969,57946,44.55,0.75,19100.7
2021-12,Athletic Footwear,Women's,South Dakota,Midwest,4042,24,95.0,250,12250,35.25,0.75,4012.5
2021-12,Athletic Footwear,Women's,Utah,West,6063,36,79.0,648,18016,35.01,1.33,7598.88
2021-12,Athletic Footwear,Women's,Vermont,Northeast,6063,36,160.0,507,28480,64.68,1.22,10732.68
2021-12,Athletic Footwear,Women's,Virginia,Southeast,6063,36,188.0,886,58196,77.89,1.24,22335.64
2021-12,Athletic Footwear,Women's,West Virginia,Northeast,4042,24,108.0,452,24656,49.03,0.91,10457.06
2021-12,Athletic Footwear,Women's,Wisconsin,Midwest,4042,24,98.0,323,16004,36.599999999999994,0.75,5326.8
2021-12,Athletic Footwear,Women's,Wyoming,West,4042,24,89.0,635,28440,37.309999999999995,0.84,10785.599999999999
2021-12,Street Footwear,Men's,Alaska,West,4042,24,144.0,774,57006,58.68000000000001,0.8200000000000001,21392.820000000003
2021-12,Street Footwear,Men's,Arizona,West,6063,36,124.0,1000,42879,49.989999999999995,1.21,16223.189999999999
2021-12,Street Footwear,Men's,Arkansas,South,6063,36,192.0,1141,75691,90.15,1.4100000000000001,33101.95
2021-12,Street Footwear,Men's,Connecticut,Northeast,6063,36,169.0,898,54010,74.99000000000001,1.33,22733.2
2021-12,Street Footwear,Men's,Delaware,Northeast,4042,24,127.0,768,49416,51.89,0.82,18545.52
2021-12,Street Footwear,Men's,Florida,Southeast,6063,36,205.0,1296,91792,72.18,1.06,30067.2
2021-12,Street Footwear,Men's,Georgia,Southeast,6063,36,147.0,1087,56053,69.24,1.4200000000000002,24558.16
2021-12,Street Footwear,Men's,Hawaii,West,4042,24,143.0,889,65352,45.95,0.65,18265.8
2021-12,Street Footwear,Men's,Idaho,West,6063,36,149.0,1248,64806,69.15948387096775,1.39,28163.879999999997
2021-12,Street Footwear,Men's,Indiana,Midwest,4042,24,118.0,750,44700,53.58,0.91,18837.0
2021-12,Street Footwear,Men's,Iowa,Midwest,4042,24,114.0,672,39438,40.68,0.72,12783.96
2021-12,Street Footwear,Men's,Kansas,Midwest,4042,24,136.0,750,51900,57.5,0.85,19650.0
2021-12,Street Footwear,Men's,Kentucky,Southeast,4042,24,124.0,683,43447,58.45,0.9500000000000001,18777.1
2021-12,Street Footwear,Men's,Louisiana,South,6063,36,185.0,1312,85072,85.03999999999999,1.38,36766.719999999994
2021-12,Street Footwear,Men's,Maine,Northeast,12126,72,340.0,1857,106870,139.44855555555554,2.4699999999999998,40165.86
2021-12,Street Footwear,Men's,Maryland,Northeast,4042,24,117.0,572,33954,52.5,0.9,14277.0
2021-12,Street Footwear,Men's,Massachusetts,Northeast,6063,36,180.0,903,56053,63.589999999999996,1.06,18325.8
2021-12,Street Footwear,Men's,Michigan,Midwest,4042,24,115.0,1105,65025,63.55,1.1099999999999999,34055.25
2021-12,Street Footwear,Men's,Mississippi,South,6063,36,186.0,1225,79730,86.6,1.4000000000000001,34467.12
2021-12,Street Footwear,Men's,Missouri,Midwest,4042,24,86.0,813,35932,39.31938461538462,0.92,15174.76
2021-12,Street Footwear,Men's,New Hampshire,Northeast,6063,36,195.0,994,68674,92.08000000000001,1.4200000000000002,29955.45
2021-12,Street Footwear,Men's,New Jersey,Northeast,4042,24,115.0,699,41195,47.4,0.83,15483.6
2021-12,Street Footwear,Men's,New Mexico,West,6063,36,159.0,1148,64022,64.78,1.23,24411.239999999998
2021-12,Street Footwear,Men's,New York,Northeast,4042,24,124.0,1120,71330,63.470000000000006,1.03,33977.65
2021-12,Street Footwear,Men's,North Carolina,Southeast,4042,24,134.0,1219,83866,60.64,0.91,35264.16
2021-12,Street Footwear,Men's,North Dakota,Midwest,4042,24,115.0,650,38250,46.3,0.8099999999999999,14295.0
2021-12,Street Footwear,Men's,Ohio,Midwest,4042,24,145.0,1056,78045,65.0,0.9,32835.0
2021-12,Street Footwear,Men's,Oklahoma,South,6063,36,189.0,994,65566,86.30000000000001,1.37,28068.8
2021-12,Street Footwear,Men's,Oregon,West,6063,36,177.0,1163,71693,73.45,1.25,27386.64
2021-12,Street Footwear,Men's,Pennsylvania,Northeast,30315,180,885.0,3624,224272,514.82,8.71,125087.36
2021-12,Street Footwear,Men's,Rhode Island,Northeast,6063,36,162.0,795,44970,66.72,1.24,17140.2
2021-12,Street Footwear,Men's,South Carolina,Southeast,4042,24,137.0,1365,94680,71.7,1.05,45520.5
2021-12,Street Footwear,Men's,South Dakota,Midwest,4042,24,118.0,640,38120,47.68,0.8099999999999999,14235.2
2021-12,Street Footwear,Men's,Utah,West,6063,36,108.0,1134,42616,50.790000000000006,1.4100000000000001,18635.89
2021-12,Street Footwear,Men's,Vermont,Northeast,6063,36,182.0,954,61680,92.94,1.5299999999999998,29636.64
2021-12,Street Footwear,Men's,Virginia,Southeast,6063,36,174.0,1223,74402,70.55,1.22,28268.3
2021-12,Street Footwear,Men's,West Virginia,Northeast,4042,24,125.0,826,52810,57.2,0.92,22391.2
2021-12,Street Footwear,Men's,Wisconsin,Midwest,4042,24,118.0,688,41004,41.78,0.71,13181.64
2021-12,Street Footwear,Men's,Wyoming,West,4042,24,107.0,1024,55648,59.22,1.1099999999999999,29105.28
2021-12,Street Footwear,Women's,Arizona,West,6063,36,123.0,684,29174,50.739999999999995,1.24,11184.07
2021-12,Street Footwear,Women's,Arkansas,South,6063,36,158.0,725,40337,72.62,1.3800000000000001,17361.28
2021-12,Street Footwear,Women's,Connecticut,Northeast,6063,36,148.0,554,28638,53.19,1.0799999999999998,9401.039999999999
2021-12,Street Footwear,Women's,Delaware,Northeast,4042,24,105.0,484,26075,49.0,0.9400000000000001,11193.0
2021-12,Street Footwear,Women's,Florida,Southeast,6063,36,219.0,978,74106,75.12,1.03,23928.48
2021-12,Street Footwear,Women's,Georgia,Southeast,6063,36,144.0,760,38731,60.87,1.27,15023.39
2021-12,Street Footwear,Women's,Hawaii,West,4042,24,154.0,635,49990,45.9,0.6,13496.5
2021-12,Street Footwear,Women's,Idaho,West,6063,36,163.0,1074,60837,73.8,1.3599999999999999,25936.76
2021-12,Street Footwear,Women's,Indiana,Midwest,4042,24,99.0,455,22645,40.04,0.8099999999999999,8491.7
2021-12,Street Footwear,Women's,Iowa,Midwest,4042,24,97.0,358,17651,34.739999999999995,0.72,5763.42
2021-12,Street Footwear,Women's,Kansas,Midwest,4042,24,118.0,445,26510,47.67999999999999,0.8099999999999999,9884.599999999999
2021-12,Street Footwear,Women's,Kentucky,Southeast,4042,24,106.0,349,18899,50.050000000000004,0.9500000000000001,8125.700000000001
2021-12,Street Footwear,Women's,Louisiana,South,6063,36,197.00000000000003,954,66354,88.67,1.3499999999999999,28188.239999999998
2021-12,Street Footwear,Women's,Maine,Northeast,12126,72,279.0,799,38507,127.04999999999998,2.75,16268.899999999998
2021-12,Street Footwear,Women's,Maryland,Northeast,4042,24,95.0,290,14175,38.64999999999999,0.82,5312.25
2021-12,Street Footwear,Women's,Massachusetts,Northeast,6063,36,142.0,560,28280,43.36,0.91,7850.360000000001
2021-12,Street Footwear,Women's,Michigan,Midwest,4042,24,98.0,768,38064,36.599999999999994,0.75,12628.8
2021-12,Street Footwear,Women's,Mississippi,South,6063,36,162.0,820,46377,75.21000000000001,1.3900000000000001,20022.120000000003
2021-12,Street Footwear,Women's,Missouri,Midwest,4042,24,67.0,520,17840,27.29,0.82,6704.8
2021-12,Street Footwear,Women's,New Hampshire,Northeast,6063,36,174.0,636,38712,62.459999999999994,1.08,12778.08
2021-12,Street Footwear,Women's,New Jersey,Northeast,4042,24,99.0,416,20709,44.5,0.9,8729.5
2021-12,Street Footwear,Women's,New Mexico,West,6063,36,163.0,780,44270,67.94999999999999,1.25,16964.3
2021-12,Street Footwear,Women's,New York,Northeast,4042,24,107.0,788,42851,34.03,0.64,11899.39
2021-12,Street Footwear,Women's,North Carolina,Southeast,4042,24,115.0,943,55490,52.050000000000004,0.91,23514.9
2021-12,Street Footwear,Women's,North Dakota,Midwest,4042,24,98.0,323,16004,36.599999999999994,0.75,5326.8
2021-12,Street Footwear,Women's,Ohio,Midwest,4042,24,124.00000000000001,736,46874,56.68000000000001,0.92,19889.48
2021-12,Street Footwear,Women's,Oklahoma,South,6063,36,159.0,607,33819,71.3,1.35,14371.3
2021-12,Street Footwear,Women's,Oregon,West,6063,36,185.0,908,58819,74.33,1.21,22247.989999999998
2021-12,Street Footwear,Women's,Pennsylvania,Northeast,30315,180,722.0,1557,79345,316.44,6.539999999999999,32956.08
2021-12,Street Footwear,Women's,Rhode Island,Northeast,6063,36,137.0,437,20748,62.769999999999996,1.3800000000000001,8928.18
2021-12,Street Footwear,Women's,South Carolina,Southeast,4042,24,116.0,1040,61540,34.6,0.6,16589.0
2021-12,Street Footwear,Women's,South Dakota,Midwest,4042,24,95.0,323,15785,33.900000000000006,0.72,5129.7
2021-12,Street Footwear,Women's,Utah,West,6063,36,79.0,716,19837,31.53,1.19,7397.389999999999
2021-12,Street Footwear,Women's,Vermont,Northeast,6063,36,159.0,619,34479,64.44999999999999,1.22,13101.649999999998
2021-12,Street Footwear,Women's,Virginia,Southeast,6063,36,187.0,869,57101,76.42,1.23,21703.88
2021-12,Street Footwear,Women's,West Virginia,Northeast,4042,24,105.0,512,27600,48.5,0.93,11768.0
2021-12,Street Footwear,Women's,Wisconsin,Midwest,4042,24,95.0,387,18915,34.8,0.74,6222.6
2021-12,Street Footwear,Women's,Wyoming,West,4042,24,89.0,715,32010,35.989999999999995,0.8099999999999999,12002.1
